%% This BibTeX bibliography file was created using BibDesk.
%% http://bibdesk.sourceforge.net/

%% Created for Animesh Garg at 2015-08-29 22:45:27 -0700 


%% Saved with string encoding Unicode (UTF-8) 


@string{biorob = {Int. Conf. Biomedical Robotics and Biomechatronics (BioRob)}}

@string{icra = {Proc. IEEE Int. Conf. Robotics and Automation (ICRA)}}

@string{ijrr = {Int. Journal of Robotics Research}}

@string{iros = {IEEE/RSJ Int. Conf. on Intelligent Robots and Systems (IROS)}}

@string{isrr = {Int. Symp. on Robotics Research (ISRR)}}

@string{jra = {IEEE Journal of Robotics and Automation}}

@string{rss = {Robotics: Science and Systems (RSS)}}

@string{tra = {IEEE Trans. on Robotics and Automation}}

@string{tro = {IEEE Trans. on Robotics}}

@string{wafr = {Proc. Workshop Algorithmic Foundations of Robotics (WAFR)}}

@inproceedings{michie1996behavioural,
  title={Behavioural clones and cognitive skill models},
  author={Michie, Donald and Sammut, Claude},
  booktitle={Machine intelligence 14},
  pages={387--395},
  year={1996},
  organization={Oxford University Press, Inc.}
}


@article{Adler1997,
	Author = {Adler Jr, J.R. and Chang, S.D. and Murphy, M.J. and Doty, J. and Geis, P. and Hancock, S.L.},
	Journal = {Stereotactic and functional neurosurgery},
	Number = {1-4},
	Pages = {124--128},
	Title = {{The Cyberknife: A Frameless Robotic System for Radiosurgery}},
	Volume = {69},
	Year = {1997}}

@incollection{Anvari2014,
	Author = {Anvari, Mehran},
	Booktitle = {Robotics in General Surgery},
	Pages = {485--497},
	Title = {{The Future of Robotic Platforms}},
	Year = {2014}}
	
@article{osa2018algorithmic,
  title={An Algorithmic Perspective on Imitation Learning},
  author={Osa, Takayuki and Pajarinen, Joni and Neumann, Gerhard and Bagnell, J Andrew and Abbeel, Pieter and Peters, Jan and others},
  journal={Foundations and Trends in Robotics},
  volume={7},
  number={1-2},
  pages={1--179},
  year={2018},
  publisher={Now Publishers, Inc.}
}

@article{stoica2017berkeley,
  title={A berkeley view of systems challenges for ai},
  author={Stoica, Ion and Song, Dawn and Popa, Raluca Ada and Patterson, David and Mahoney, Michael W and Katz, Randy and Joseph, Anthony D and Jordan, Michael and Hellerstein, Joseph M and Gonzalez, Joseph E and others},
  journal={arXiv preprint arXiv:1712.05855},
  year={2017}
}

@article{sunderhauf2018limits,
  title={The limits and potentials of deep learning for robotics},
  author={S{\"u}nderhauf, Niko and Brock, Oliver and Scheirer, Walter and Hadsell, Raia and Fox, Dieter and Leitner, J{\"u}rgen and Upcroft, Ben and Abbeel, Pieter and Burgard, Wolfram and Milford, Michael and others},
  journal={The International Journal of Robotics Research},
  volume={37},
  number={4-5},
  pages={405--420},
  year={2018},
  publisher={SAGE Publications Sage UK: London, England}
}

@article{salimans2017evolution,
  title={Evolution strategies as a scalable alternative to reinforcement learning},
  author={Salimans, Tim and Ho, Jonathan and Chen, Xi and Sidor, Szymon and Sutskever, Ilya},
  journal={arXiv preprint arXiv:1703.03864},
  year={2017}
}

@article{mania2018simple,
  title={Simple random search provides a competitive approach to reinforcement learning},
  author={Mania, Horia and Guy, Aurelia and Recht, Benjamin},
  journal={arXiv preprint arXiv:1803.07055},
  year={2018}
}

@article{henderson2017deep,
  title={Deep reinforcement learning that matters},
  author={Henderson, Peter and Islam, Riashat and Bachman, Philip and Pineau, Joelle and Precup, Doina and Meger, David},
  journal={arXiv preprint arXiv:1709.06560},
  year={2017}
}

@article{islam2017reproducibility,
  title={Reproducibility of benchmarked deep reinforcement learning tasks for continuous control},
  author={Islam, Riashat and Henderson, Peter and Gomrokchi, Maziar and Precup, Doina},
  journal={arXiv preprint arXiv:1708.04133},
  year={2017}
}

@article{argall2009survey,
	Author = {Argall, Brenna D and Chernova, Sonia and Veloso, Manuela and Browning, Brett},
	Journal = {Robotics and Autonomous Systems},
	Number = {5},
	Pages = {469--483},
	Publisher = {Elsevier},
	Title = {{A Survey of Robot Learning from Demonstration}},
	Volume = {57},
	Year = {2009}}
	
@article{laskey2017iterative,
  title={Iterative Noise Injection for Scalable Imitation Learning},
  author={Laskey, Michael and Lee, Jonathan and Hsieh, Wesley and Liaw, Richard and Mahler, Jeffrey and Fox, Roy and Goldberg, Ken},
  journal={Conference on Robot Learning {(CoRL)} 2017},
  year={2017}
}

@article{Attinger2000_CPMS,
	Author = {Attinger, Christopher E and Bulan, Erwin and Blume, Peter A},
	Journal = {Clinics in podiatric medicine and surgery},
	Number = {4},
	Pages = {599},
	Title = {{Surgical Debridement: The Key to Successful Wound Healing and Reconstruction}},
	Volume = {17},
	Year = {2000}}

@article{Ballantyne2003,
	Author = {Ballantyne, G.H. and Moll, F.},
	Journal = {Surgical Clinics of North America},
	Number = {6},
	Pages = {1293--1304},
	Title = {{The da Vinci Telerobotic Surgical System: The Virtual Operative Field and Telepresence Surgery}},
	Volume = {83},
	Year = {2003}}

@article{Bargar1998,
	Author = {Bargar, W.L. and Bauer, A. and B{\"o}rner, M.},
	Journal = {Clinical orthopaedics and related research},
	Pages = {82--91},
	Title = {{Primary and Revision Total Hip Replacement using the Robodoc System}},
	Volume = {354},
	Year = {1998}}

@article{Beasley2012,
	Author = {Beasley, Ryan A},
	Journal = {Journal of Robotics},
	Title = {{Medical Robots: Current Systems and Research Directions}},
	Volume = {2012},
	Year = {2012}}

@article{Bergeles2014,
	Author = {Bergeles, Christos and Yang, G},
	Issue = {5},
	Journal = {IEEE Trans. on Biomedical Engineering},
	Pages = {1565--1576},
	Publisher = {IEEE},
	Title = {{From Passive Tool Holders to Microsurgeons: Safer, Smaller, Smarter Surgical Robots}},
	Volume = {61},
	Year = {2014}}

@inproceedings{Billings2012,
	Author = {Billings, S. and Deshmukh, N. and Kang, H.J. and Taylor, R. and Boctor, E.M.},
	Booktitle = {SPIE Medical Imaging},
	Title = {{System for Robot-Assisted Real-Time Laparoscopic Ultrasound Elastography}},
	Year = {2012}}

@inproceedings{Cleary2001,
	Author = {Cleary, K.R. and Stoianovici, D.S. and Glossop, N.D. and Gary, K.A. and Onda, S. and Cody, R. and Lindisch, D. and Stanimir, A. and Mazilu, D. and Patriciu, A. and Watson, V. and Levy, E.},
	Booktitle = {Medical Imaging},
	Pages = {231--236},
	Title = {{CT-Directed Robotic Biopsy Testbed: Motivation and Concept}},
	Year = {2001}}

@inproceedings{Darzi2004_ARM,
	Author = {S. A. Darzi and Y. Munz},
	Booktitle = {Annu Rev Med.},
	Pages = {223-237},
	Title = {{The Impact of Minimally Invasive Surgical Techniques}},
	Volume = {55},
	Year = {2004}}

@article{dulan2012developing,
	Author = {Dulan, Genevieve and Rege, Robert V and Hogg, Deborah C and Gilberg-Fisher, Kristine M and Arain, Nabeel A and Tesfay, Seifu T and Scott, Daniel J},
	Journal = {Surgery},
	Number = {3},
	Pages = {477--488},
	Publisher = {Elsevier},
	Title = {{Developing a Comprehensive, Proficiency-based Training Program for Robotic Surgery}},
	Volume = {152},
	Year = {2012}}

@article{Granick2006_WRR,
	Author = {Granick, Mark and Boykin, Joseph and Gamelli, Richard and Schultz, Gregory and Tenenhaus, Mayer},
	Journal = {Wound repair and regeneration},
	Number = {s1},
	Pages = {1--10},
	Title = {{Toward a Common Language: Surgical Wound Bed Preparation and Debridement}},
	Volume = {14},
	Year = {2006}}

@inproceedings{Jansen2009,
	Author = {Jansen, R. and Hauser, K. and Chentanez, N. and {van der Stappen}, F. and Goldberg, K.},
	Booktitle = iros,
	Pages = {4092--4097},
	Title = {{Surgical Retraction of Non-uniform Deformable Layers of Tissue: 2D Robot Grasping and Path Planning}},
	Year = {2009}}

@inproceedings{Kang2000,
	Author = {Kang, H. and Wen, J.T.},
	Booktitle = {IEEE Int. Conf. on Control Applications},
	Pages = {742--747},
	Title = {{Autonomous Suturing using Minimally Invasive Surgical Robots}},
	Year = {2000}}

@inproceedings{Kazanzides2014,
	Author = {Kazanzides, P and Chen, Z and Deguet, A and Fischer, G.S. and Taylor, R.H. and DiMaio, S.P.},
	Booktitle = icra,
	Title = {{An Open-Source Research Kit for the da Vinci Surgical System}},
	Year = {2014}}

@inproceedings{Kehoe2014,
	Author = {Kehoe, B. and Kahn, G. and Mahler, J. and Kim, J. and Lee, A. and Lee, A. and Nakagawa, K. and Patil, S. and Boyd, W.D. and Abbeel, P. and Goldberg, K.},
	Booktitle = icra,
	Title = {{Autonomous Multilateral Debridement with the Raven Surgical Robot}},
	Year = {2014}}

@article{kowalewski2014beyond,
	Author = {Timothy M. Kowalewski and Lee W. White and Thomas S. Lendvay and Iris S. Jiang and Robert Sweet and Andrew Wright and Blake Hannaford and Mika N. Sinanan},
	Issn = {0022-4804},
	Journal = {Journal of Surgical Research},
	Optionalurl = {http://www.sciencedirect.com/science/article/pii/S0022480414005411},
	Title = {{Beyond task time: automated measurement augments fundamentals of laparoscopic skills methodology}},
	Year = {2014}}

@article{Leonard2014,
	Author = {Leonard, Simon and Wu, K and Kim, Yonjae and Krieger, Axel and Kim, P},
	Number = {4},
	Pages = {1305--1317},
	Title = {{Smart Tissue Anastomosis Robot (STAR): A Vision-Guided Robotics System for Laparoscopic Suturing}},
	Volume = {61},
	Year = {2014}}

@article{Lum2009,
	Author = {Lum, M.J.H. and Friedman, D.C.W and Sankaranarayanan, G. and King, H. and Fodero, K. and Leuschke, R. and Hannaford, B. and Rosen, J. and Sinanan, M.N.},
	Journal = ijrr,
	Number = {9},
	Pages = {1183--1197},
	Title = {{The RAVEN: Design and Validation of a Telesurgery System}},
	Volume = {28},
	Year = {2009}}

@misc{Ma2013,
	Author = {Ji Ma and Jacob Rosen},
	Title = {{Autonomous Block Transfer with the {Raven} Surgical Robot}},
	Year = {2013}}
	
	@misc{tpu,
	Author = {Google Cloud},
	Title = {{Tensor Processing Unit}},
	url = {https://cloud.google.com/tpu/}}
	

@inproceedings{dasgupta2000two,
  title={A two-round variant of em for gaussian mixtures},
  author={Dasgupta, Sanjoy and Schulman, Leonard J},
  booktitle={UAI},
  pages={152--159},
  year={2000},
  organization={Morgan Kaufmann Publishers Inc.}
}

@article{maeso2010efficacy,
	Author = {Maeso, Sergio and Reza, Mercedes and Mayol, Julio A and Blasco, Juan A and Guerra, Mercedes and Andradas, Elena and Plana, Mar{\'\i}a N},
	Journal = {Annals of surgery},
	Number = {2},
	Pages = {254--262},
	Publisher = {LWW},
	Title = {{Efficacy of the Da Vinci surgical system in abdominal surgery compared with that of laparoscopy: a systematic review and meta-analysis}},
	Volume = {252},
	Year = {2010}}

@inproceedings{Mayer2008,
	Author = {Mayer, H. and Nagy, I. and Burschka, D. and Knoll, A. and Braun, E. and Lange, R. and Bauernschmitt, R.},
	Booktitle = {Int. Conf. on Autonomic and Autonomous Systems},
	Pages = {260--265},
	Title = {{Automation of Manual Tasks for Minimally Invasive Surgery}},
	Year = {2008}}

@inproceedings{Mohareri2014,
	Author = {Mohareri, O. and Black, P. and Salcudean, S. E.},
	Booktitle = {Hamlyn Symposium on Medical Robotics (HSMR)},
	Title = {{da Vinci Auxiliary Arm as a Robotic Surgical Assistant for Semi- Autonomous Ultrasound Guidance during Robot-Assisted Laparoscopic Surgery}},
	Year = {2014}}

@article{Mohareri2013,
	Author = {Mohareri, O. and Ramezani, M. and Adebar, T.K. and Abolmaesumi, P. and Salcudean, S.E.},
	Journal = {IEEE Trans. on Biomedical Engineering},
	Number = {9},
	Pages = {2663--2672},
	Title = {{Automatic Localization of the da Vinci Surgical Instrument Tips in 3-D Transrectal Ultrasound}},
	Volume = {60},
	Year = {2013}}

@article{Moustris2011,
	Author = {Moustris, G.P. and Hiridis, S.C. and Deliparaschos, K.M. and Konstantinidis, K.M.},
	Journal = {Int. Journal of Medical Robotics and Computer Assisted Surgery},
	Number = {4},
	Pages = {375--392},
	Title = {{Evolution of Autonomous and Semi-Autonomous Robotic Surgical Systems: A Review of the Literature}},
	Volume = {7},
	Year = {2011}}

@inproceedings{nienhuys2001surgery,
	Author = {Nienhuys, Han-Wen and van der Stappen, A Frank},
	Booktitle = {Medical Image Computing and Computer-Assisted Intervention--MICCAI 2001},
	Organization = {Springer},
	Pages = {145--152},
	Title = {{A Surgery Simulation supporting Cuts and Finite Element Deformation}},
	Year = {2001}}

@article{okamura2009haptic,
	Author = {Okamura, Allison M},
	Journal = {Current opinion in urology},
	Number = {1},
	Pages = {102},
	Publisher = {NIH Public Access},
	Title = {{Haptic feedback in robot-assisted minimally invasive surgery}},
	Volume = {19},
	Year = {2009}}

@inproceedings{Osa2014,
	Author = {Osa, Takayuki and Sugita, Naohiko and Mamoru, Mitsuishi},
	Booktitle = rss,
	Title = {{Online Trajectory Planning in Dynamic Environments for Surgical Task Automation}},
	Year = {2014}}

@inproceedings{Padoy2011,
	Author = {Padoy, N. and Hager, G.D.},
	Booktitle = icra,
	Pages = {5285--5292},
	Title = {{Human-Machine Collaborative Surgery using Learned Models}},
	Year = {2011}}

@misc{FLS2014,
	Author = {FLS Program},
	Title = {{Fundamentals of Laparoscopic Surgery}},
	Url = http://www.flsprogram.org,
	Year = {2014},
	Bdsk-Url-1 = {http://www.flsprogram.org}}

@inproceedings{reiley2010motion,
	Author = {Reiley, Carol E and Plaku, Erion and Hager, Gregory D},
	Booktitle = {Engineering in Medicine and Biology Society (EMBC), 2010 Annual International Conference of the IEEE},
	Organization = {IEEE},
	Pages = {967--970},
	Title = {{Motion generation of robotic surgical tasks: Learning from expert demonstrations}},
	Year = {2010}}

@article{Ritter2007,
	Author = {Ritter, E.M. and Scott, D.J.},
	Journal = {Surgical Innovation},
	Number = {2},
	Pages = {107-112},
	Title = {{Design of a Proficiency-based Skills Training Curriculum for the Fundamentals of Laparoscopic Surgery}},
	Volume = {14},
	Year = {2007}}

@inproceedings{Schulman2013case,
	Author = {Schulman, J. and Gupta, A. and Venkatesan, S. and Tayson-Frederick, M. and Abbeel, P.},
	Booktitle = iros,
	Date-Modified = {2015-08-30 05:44:07 +0000},
	Pages = {4111--4117},
	Title = {{A Case Study of Trajectory Transfer through Non-Rigid Registration for a Simplified Suturing Scenario}},
	Year = {2013}}

@inproceedings{Schulman2013finding,
	Author = {Schulman, John and Ho, Jonathan and Lee, Alex and Bradlow, Henry and Awwal, Ibrahim and Abbeel,Pieter},
	Booktitle = rss,
	Date-Modified = {2015-08-30 05:43:52 +0000},
	Title = {{Finding Locally Optimal, Collision-Free Trajectories with Sequential Convex Optimization}},
	Year = {2013}}

@misc{DVRK,
	Author = {{Intuitive Surgical}},
	Title = {{da Vinci Research Kit}},
	Url = {http://research.intusurg.com/dvRK},
	Year = {2014},
	Bdsk-Url-1 = {http://research.intusurg.com/dvRK}}

@article{Taylor2008,
	Author = {Taylor, R.H. and Menciassi, A. and Fichtinger, G. and Dario, P.},
	Journal = {Springer Handbook of Robotics},
	Pages = {1199--1222},
	Title = {{Medical Robotics and Computer-Integrated Surgery}},
	Year = {2008}}

@article{Taylor1994,
	Author = {Taylor, R.H. and Mittelstadt, B.D. and Paul, H.A. and Hanson, W. and Kazanzides, P. and Zuhars, J.F. and Williamson, B. and Musits, B.L. and Glassman, E. and Bargar, W.L.},
	Journal = tra,
	Number = {3},
	Pages = {261--275},
	Title = {{An Image-Directed Robotic System for Precise Orthopaedic Surgery}},
	Volume = {10},
	Year = {1994}}

@inproceedings{vandenBerg2010,
	Author = {{Van Den Berg}, J. and Miller, S. and Duckworth, D. and Hu, H. and Wan, A. and Fu, X. and Goldberg, K. and Abbeel, P.},
	Booktitle = icra,
	Pages = {2074--2081},
	Title = {{Superhuman Performance of Surgical Tasks by Robots using Iterative Learning from Human-Guided Demonstrations}},
	Year = {2010}}

@article{veldkamp2005laparoscopic,
	Author = {Veldkamp, Ruben and Kuhry, Esther and Hop, WC and Jeekel, J and Kazemier, G and Bonjer, H Jaap and Haglind, Eva and Pahlman, L and Cuesta, Miguel A and Msika, Simon and others},
	Journal = {Lancet Oncol},
	Number = {7},
	Pages = {477--484},
	Title = {{Laparoscopic surgery versus open surgery for colon cancer: short-term outcomes of a randomised trial}},
	Volume = {6},
	Year = {2005}}

@article{Wolf2005,
	Author = {Wolf, A and Jaramaz, B and Lisien, B and DiGioia, AM},
	Journal = {Int. Journal of Medical Robotics and Computer Assisted Surgery},
	Number = {2},
	Pages = {101--121},
	Title = {{MBARS: Mini Bone-Attached Robotic System for Joint Arthroplasty}},
	Volume = {1},
	Year = {2005}}

@incollection{Wolf2009,
	Author = {Wolf, A. and Shoham, M.},
	Booktitle = {Springer Handbook of Automation},
	Pages = {1397--1407},
	Title = {{Medical Automation and Robotics}},
	Year = {2009}}

@article{xu2014robotic,
	Author = {Xu, Huirong and Li, Jianning and Sun, Yanlai and Li, Zengjun and Zhen, Yanan and Wang, Bin and Xu, Zhongfa},
	Journal = {World journal of surgical oncology},
	Number = {1},
	Pages = {1--7},
	Publisher = {Springer},
	Title = {{Robotic versus laparoscopic right colectomy: a meta-analysis}},
	Volume = {12},
	Year = {2014}}

@inproceedings{Zhang2014,
	Author = {Zhang, Z and Munawar, A.S and Fischer, G.S.},
	Booktitle = {Hamlyn Symposium on Medical Robotics (HSMR)},
	Title = {{Implementation of a Motion Planning Framework for the da Vinci Surgical System Research Kit (dVRK)}},
	Year = {2014}}

@article{Illingworth198887,
	Author = {J. Illingworth and J. Kittler},
	Journal = {Computer Vision, Graphics, and Image Processing},
	Number = {1},
	Pages = {87 - 116},
	Title = {{A Survey of the Hough Transform}},
	Volume = {44},
	Year = {1988}}

@book{Bradski2008_Book,
	Author = {Bradski, Gary and Kaehler, Adrian},
	Publisher = {O'Reilly},
	Title = {{Learning OpenCV: Computer Vision with the OpenCV Library}},
	Year = {2008}}

@phdthesis{DixonThesis,
	Author = {Kevin Dixon},
	School = {Carnegie Mellon University},
	Title = {{Inferring User Intent for Learning by Observation}},
	Year = {2004}}

@incollection{varadarajan2009data,
	Author = {Varadarajan, Balakrishnan and Reiley, Carol and Lin, Henry and Khudanpur, Sanjeev and Hager, Gregory},
	Booktitle = {Medical Image Computing and Computer-Assisted Intervention (MICCAI)},
	Date-Modified = {2015-08-30 05:43:34 +0000},
	Pages = {426--434},
	Title = {{Data-derived Models for Segmentation with Application to Surgical Assessment and Training}},
	Year = {2009}}

@incollection{Reiley2009,
	Author = {Reiley, Carol E and Hager, Gregory D},
	Booktitle = {Medical Image Computing and Computer-Assisted Intervention (MICCAI)},
	Pages = {435--442},
	Title = {{Task versus Subtask Surgical Skill Evaluation of Robotic Minimally Invasive Surgery}},
	Year = {2009}}

@article{Lin2006,
	Author = {Lin, Henry C and Shafran, Izhak and Yuh, David and Hager, Gregory D},
	Journal = {Computer Aided Surgery},
	Number = {5},
	Pages = {220--230},
	Title = {{Towards Automatic Skill Evaluation: Detection and Segmentation of Robot-assisted Surgical Motions}},
	Volume = {11},
	Year = {2006}}

@article{vidovszky2006robotic,
	Author = {Vidovszky, Tamas J and Smith, William and Ghosh, Jagannath and Ali, Mohamed R},
	Journal = {Journal of Surgical Research},
	Number = {2},
	Pages = {172--178},
	Title = {{Robotic Cholecystectomy: Learning Curve, Advantages, and Limitations}},
	Volume = {136},
	Year = {2006}}

@article{Lim2005,
	Author = {Lim, Susan ML and Kum, Cheng K and Lam, Foong L},
	Journal = {World Journal of Surgery},
	Number = {10},
	Pages = {1352--1355},
	Title = {{Nerve-sparing Axillary Dissection using the da Vinci Surgical System}},
	Volume = {29},
	Year = {2005}}

@inproceedings{zhang2004cutting,
	Author = {Zhang, Hui and Payandeh, Shahram and Dill, John},
	Booktitle = icra,
	Pages = {3908--3913},
	Title = {{On Cutting and Dissection of Virtual Deformable Objects}},
	Year = {2004}}

@article{Chentanez2009,
	Author = {Chentanez, Nuttapong and Alterovitz, Ron and Ritchie, Daniel and Cho, Lita and Hauser, Kris and Goldberg, Ken and Shewchuk, Jonathan R and O'Brien, James F},
	Journal = {ACM Transactions on Graphics},
	Number = {3},
	Title = {{Interactive Simulation of Surgical Needle Insertion and Steering}},
	Volume = {28},
	Year = {2009}}

@inproceedings{Gienger2010,
	Author = {Gienger, Michael and Muhlig, M and Steil, Jochen J},
	Booktitle = iros,
	Pages = {1262--1269},
	Title = {{Imitating Object Movement Skills with Robots: A Task-Level Approach Exploiting Generalization and Invariance}},
	Year = {2010}}

@article{konidaris2011robot,
	Author = {Konidaris, George and Kuindersma, Scott and Grupen, Roderic and Barto, Andrew},
	Date-Modified = {2015-08-30 05:42:59 +0000},
	Journal = ijrr,
	Number = {3},
	Pages = {360--375},
	Title = {{Robot Learning from Demonstration by Constructing Skill Trees}},
	Volume = {31},
	Year = {2011}}

@article{stahl2002hybrid,
	Author = {Stahl, Kenneth D and Boyd, W Douglas and Vassiliades, Thomas A and Karamanoukian, Hratch L},
	Journal = {The Annals of thoracic surgery},
	Number = {4},
	Pages = {1358--1362},
	Title = {{Hybrid Robotic Coronary Artery Surgery and Angioplasty in Multivessel Coronary Artery Disease}},
	Volume = {74},
	Year = {2002}}

@incollection{calinon2008robot,
	Author = {Calinon, Sylvain},
	Booktitle = {Springer handbook of robotics},
	Pages = {1371--1394},
	Title = {{Robot Programming by Demonstration}},
	Year = {2008}}

@book{alterovitz2008motion,
	Author = {Alterovitz, Ron and Goldberg, Ken},
	Publisher = {Springer},
	Title = {{Motion Planning in Medicine: Optimization and Simulation Algorithms for Image-guided Procedures}},
	Year = {2008}}

@article{Hannaford2013_ITBE,
	Author = {B. Hannaford and J. Rosen and Diana CW Friedman and H. King and P. Roan and L. Cheng and D. Glozman and J. Ma and S.N. Kosari and L. White},
	Journal = {IEEE Transactions on Biomedical Engineering},
	Month = apr,
	Pages = {954-959},
	Title = {{Raven-II: An Open Platform for Surgical Robotics Research}},
	Volume = {60},
	Year = {2013}}

@inproceedings{affandi2013approximate,
	Author = {Affandi, Raja Hafiz and Fox, Emily and Taskar, Ben},
	Booktitle = {NIPS},
	Pages = {1430--1438},
	Title = {Approximate inference in continuous determinantal processes},
	Year = {2013}}

@article{agathos20073d,
	Author = {Agathos, Alexander and Pratikakis, Ioannis and Perantonis, Stavros and Sapidis, Nikolaos and Azariadis, Philip},
	Journal = {Computer-Aided Design and Applications},
	Number = {6},
	Pages = {827--841},
	Publisher = {Taylor \& Francis},
	Title = {3D mesh segmentation methodologies for CAD applications},
	Volume = {4},
	Year = {2007}}

@article{anagnostopoulos2004simple,
	Author = {Anagnostopoulos, Aris and Bent, Russell and Upfal, Eli and Hentenryck, Pascal Van},
	Journal = {Information and Computation},
	Number = {2},
	Pages = {175--202},
	Publisher = {Elsevier},
	Title = {A simple and deterministic competitive algorithm for online facility location},
	Volume = {194},
	Year = {2004}}

@misc{bache2013ml,
	Author = {K. Bache and M. Lichman},
	Institution = {University of California, Irvine, School of Information and Computer Sciences},
	Title = {{UCI} Machine Learning Repository},
	Url = {http://archive.ics.uci.edu/ml},
	Year = {2013},
	Bdsk-Url-1 = {http://archive.ics.uci.edu/ml}}

@article{broderick2011combinatorial,
	Author = {Broderick, T. and Mackey, L. and Paisley, J. and Jordan, M.I.},
	Journal = {IEEE Trans. on Pattern Analysis and Machine Intelligence (PAMI)},
	Number = {2},
	Pages = {290--306},
	Publisher = {IEEE},
	Title = {Combinatorial clustering and the beta negative binomial process},
	Volume = {37},
	Year = {2011}}

@inproceedings{chen2006qualitative,
	Author = {Chen, Zhichao and Birchfield, Stanley T},
	Booktitle = {Robotics and Automation, 2006. ICRA 2006. Proceedings 2006 IEEE International Conference on},
	Organization = {IEEE},
	Pages = {2686--2692},
	Title = {Qualitative vision-based mobile robot navigation},
	Year = {2006}}

@inproceedings{coates2008learning,
	Author = {Coates, Adam and Abbeel, Pieter and Ng, Andrew Y},
	Booktitle = {ICML},
	Organization = {ACM},
	bib-Pages = {144--151},
	Title = {Learning for control from multiple demonstrations},
	Year = {2008}}

@book{diaconis2006methods,
	Author = {Diaconis, Persi and Mosteller, Frederick},
	Publisher = {Springer},
	Title = {Methods for studying coincidences},
	Year = {2006}}

@article{ding2008querying,
	Author = {Ding, Hui and Trajcevski, Goce and Scheuermann, Peter and Wang, Xiaoyue and Keogh, Eamonn},
	Journal = {VLDB},
	Number = {2},
	Pages = {1542--1552},
	Publisher = {VLDB Endowment},
	Title = {Querying and mining of time series data: experimental comparison of representations and distance measures},
	Volume = {1},
	Year = {2008}}

@article{elhamifar2014dissimilarity,
	Author = {Elhamifar, Ehsan and Sapiro, Guillermo and Sastry, S Shankar},
	Journal = {arXiv preprint arXiv:1407.6810},
	Title = {Dissimilarity-based Sparse Subset Selection},
	Year = {2014}}

@conference{gao2014jigsaws,
	Author = {Y. Gao and S. Vedula and C.E. Reiley and N. Ahmidi and B. Varadarajan and H.C. Lin and L. Tao and L. Zappella and B. Bejar and D.D. Yuh and C. Chen and R. Vidal and S. Khudanpur and G.D. Hager},
	Booktitle = {Medical Image Computing and Computer-Assisted Intervention (MICCAI)},
	Title = {The JHU-ISI Gesture and Skill Assessment Dataset (JIGSAWS): A Surgical Activity Working Set for Human Motion Modeling},
	Year = {2014}}

@article{kober2013reinforcement,
  title={Reinforcement learning in robotics: A survey},
  author={Kober, Jens and Bagnell, J Andrew and Peters, Jan},
  journal={The International Journal of Robotics Research},
  pages={0278364913495721},
  year={2013},
  publisher={SAGE Publications}
}

@article{goebel2009hybrid,
	Author = {Goebel, Rafal and Sanfelice, Ricardo G and Teel, A},
	Journal = {Control Systems, IEEE},
	Number = {2},
	Pages = {28--93},
	Publisher = {IEEE},
	Title = {Hybrid dynamical systems},
	Volume = {29},
	Year = {2009}}

@inproceedings{hsu1997path,
	Author = {Hsu, David and Latombe, J-C and Motwani, Rajeev},
	Booktitle = {Robotics and Automation, 1997. Proceedings., 1997 IEEE International Conference on},
	Organization = {IEEE},
	Pages = {2719--2726},
	Title = {Path planning in expansive configuration spaces},
	Volume = {3},
	Year = {1997}}

@inproceedings{ijspreet2002learning,
	Author = {A.J. Ijspeert and J. Nakanishi and S. Schaal},
	Booktitle = {Neural Information Processing Systems (NIPS)},
	Pages = {1523--1530},
	Title = {Learning Attractor Landscapes for Learning Motor Primitives},
	Year = {2002}}

@inproceedings{iwata2009submodular,
	Author = {Iwata, Satoru and Nagano, Kiyohito},
	Booktitle = {Foundations of Computer Science, 2009. FOCS'09. 50th Annual IEEE Symposium on},
	Organization = {IEEE},
	Pages = {671--680},
	Title = {Submodular function minimization under covering constraints},
	Year = {2009}}

@incollection{iyer2013submodular,
	Author = {Iyer, Rishabh K and Bilmes, Jeff A},
	Booktitle = {NIPS},
	Editor = {C.J.C. Burges and L. Bottou and M. Welling and Z. Ghahramani and K.Q. Weinberger},
	Pages = {2436--2444},
	Title = {Submodular Optimization with Submodular Cover and Submodular Knapsack Constraints},
	Url = {http://media.nips.cc/nipsbooks/nipspapers/paper_files/nips26/1147.pdf},
	Year = {2013},
	Bdsk-Url-1 = {http://media.nips.cc/nipsbooks/nipspapers/paper_files/nips26/1147.pdf}}

@inproceedings{jain2013focus,
	Author = {Jain, Puneet and Manweiler, Justin and Acharya, Arup and Beaty, Kirk},
	Booktitle = {ENSS},
	Organization = {ACM},
	Pages = {8},
	Title = {Focus: clustering crowdsourced videos by line-of-sight},
	Year = {2013}}

@inproceedings{kehoe2014autonomous,
	Author = {Kehoe, B. and Kahn, G. and Mahler, J. and Kim, J. and Lee, A. and Lee, A. and Nakagawa, K. and Patil, S. and Boyd, W.D. and Abbeel, P. and Goldberg, K.},
	Booktitle = {Int. Conf. on Robotics and Automation (ICRA)},
	Title = {Autonomous multilateral debridement with the raven surgical robot},
	Year = {2014}}

@inproceedings{krause2010submodular,
	Author = {Krause, Andreas and Cevher, Volkan},
	Booktitle = {ICML},
	Pages = {567--574},
	Title = {Submodular dictionary selection for sparse representation},
	Year = {2010}}

@article{kulis2011revisiting,
	Author = {Kulis, Brian and Jordan, Michael I},
	Journal = {arXiv preprint arXiv:1111.0352},
	Title = {Revisiting k-means: New algorithms via Bayesian nonparametrics},
	Year = {2011}}

@inproceedings{kurihara2006accelerated,
	Author = {Kurihara, Kenichi and Welling, Max and Vlassis, Nikos A},
	Booktitle = {NIPS},
	Pages = {761--768},
	Title = {Accelerated variational Dirichlet process mixtures},
	Year = {2006}}

@inproceedings{lea15improved,
	Author = {Colin Lea and Gregory D. Hager and Ren\`{e} Vidal},
	Booktitle = {WACV},
	Ee = {http://dx.doi.org/10.1109/WACV.2015.154},
	Ignorepages = {1123-1129},
	Title = {An Improved Model for Segmentation and Recognition of Fine-Grained Activities with Application to Surgical Training Tasks.},
	Year = {2015}}

@inproceedings{lin2011class,
	Author = {Lin, Hui and Bilmes, Jeff},
	Booktitle = {LINCS},
	Organization = {Association for Computational Linguistics},
	Pages = {510--520},
	Title = {A class of submodular functions for document summarization},
	Year = {2011}}

@incollection{lin2005automatic,
	Author = {Lin, H.C. and Shafran, I. and Murphy, T.E. and Okamura, A.M. and Yuh, D.D. and Hager, G.D.},
	Booktitle = {Medical Image Computing and Computer-Assisted Intervention (MICCAI)},
	Pages = {802--810},
	Publisher = {Springer},
	Title = {Automatic detection and segmentation of robot-assisted surgical motions},
	Year = {2005}}

@article{van2013barnes,
	Author = {van der Maaten, Laurens},
	Journal = {arXiv preprint arXiv:1301.3342},
	Title = {Barnes-Hut-SNE},
	Url = {http://homepage.tudelft.nl/19j49/t-SNE.html},
	Year = {2013},
	Bdsk-Url-1 = {http://homepage.tudelft.nl/19j49/t-SNE.html}}

@inproceedings{mackey2011divide,
	Author = {Mackey, Lester W and Jordan, Michael I and Talwalkar, Ameet},
	Booktitle = {NIPS},
	Pages = {1134--1142},
	Title = {Divide-and-conquer matrix factorization},
	Year = {2011}}

@inproceedings{mahler2014learning,
	Author = {Mahler, J. and Krishnan, S. and Laskey, M. and Sen, S. and Murali, A. and Kehoe, B. and Patil, S. and Wang, J. and Franklin, M. and Abbeel, P. and Goldberg. K.},
	Booktitle = {Int. Conf. on Automated Sciences and Engineering (CASE)},
	Pages = {532--539},
	Title = {Learning Accurate Kinematic Control of Cable-Driven Surgical Robots Using Data Cleaning and Gaussian Process Regression},
	Year = {2014}}

@inproceedings{messing2009activity,
	Author = {Messing, Ross and Pal, Chris and Kautz, Henry},
	Booktitle = {Computer Vision, 2009 IEEE 12th International Conference on},
	Organization = {IEEE},
	Pages = {104--111},
	Title = {Activity recognition using the velocity histories of tracked keypoints},
	Year = {2009}}

@inproceedings{moldovan2013dirichlet,
	Author = {Moldovan, T. and Levine, S. and Jordan, M.I. and Abbeel, P.},
	Booktitle = {Int. Conf. on Robotics and Automation (ICRA)},
	Title = {Optimism-Driven Exploration for Nonlinear Systems},
	Year = {2015}}

@inproceedings{murali2015learning,
	Author = {Murali*, A. and Sen*, S. and Kehoe, B. and Garg, A. and McFarland, S. and Patil, S. and Boyd, W.D. and Lim, S. and Abbeel, P. and Goldberg, K. and (*denotes equal contribution)},
	Booktitle = {IEEE Int. Conf. on Robotics and Automation (ICRA)},
	Title = {{Learning by Observation for Surgical Subtasks: Multilateral Cutting of 3D Viscoelastic and 2D Orthotropic Tissue Phantoms}},
	Year = {2015}}

@inproceedings{nicolescu2003natural,
	Acmid = {860614},
	Address = {New York, NY, USA},
	Author = {Nicolescu, Monica N. and Mataric, Maja J.},
	Booktitle = {AAMS},
	Commenturl = {http://doi.acm.org/10.1145/860575.860614},
	Doi = {10.1145/860575.860614},
	Isbn = {1-58113-683-8},
	Keywords = {human-robot interaction, learning by demonstration, robotics},
	Location = {Melbourne, Australia},
	Numpages = {8},
	Pages = {241--248},
	Publisher = {ACM},
	Series = {AAMAS '03},
	Title = {Natural Methods for Robot Task Learning: Instructive Demonstrations, Generalization and Practice},
	Year = {2003},
	Bdsk-Url-1 = {http://dx.doi.org/10.1145/860575.860614}}

@inproceedings{niekum2012learning,
	Author = {Niekum, S. and Osentoski, S. and Konidaris, G. and Barto, A.},
	Booktitle = {Int. Conf. on Intelligent Robots and Systems (IROS)},
	Organization = {IEEE},
	bib-Pages = {5239--5246},
	Title = {Learning and generalization of complex tasks from unstructured demonstrations},
	Year = {2012}}

@article{niekum2015learning,
	Author = {Scott Niekum and Sarah Osentoski and George Konidaris and Sachin Chitta and Bhaskara Marthi and Andrew G. Barto},
	Bibsource = {dblp computer science bibliography, http://dblp.org},
	Biburl = {http://dblp.uni-trier.de/rec/bib/journals/ijrr/NiekumOKCMB15},
	Commenturl = {http://dx.doi.org/10.1177/0278364914554471},
	Doi = {10.1177/0278364914554471},
	Journal = {Int'l Journal of Robotic Research},
	bib-Number = {2},
	bib-Pages = {131--157},
	Title = {Learning grounded finite-state representations from unstructured demonstrations},
	bib-Volume = {34},
	Year = {2015},
	Bdsk-Url-1 = {http://dx.doi.org/10.1177/0278364914554471}}

@inproceedings{osa2014trajectory,
	Author = {T. Osa and K. Harada and N. Sugita and M. Mitsuishi},
	Booktitle = {Int. Conf. on Robotics and Automation (ICRA)},
	Pages = {6507--6513},
	Year = {2014}}

@incollection{paraschos2013probablitistic,
	Author = {Paraschos, Alexandros and Daniel, Christian and Peters, January and Neumann, Gerhard},
	Booktitle = {NIPS},
	Editor = {C.J.C. Burges and L. Bottou and M. Welling and Z. Ghahramani and K.Q. Weinberger},
	Pages = {2616--2624},
	Title = {Probabilistic Movement Primitives},
	Url = {http://media.nips.cc/nipsbooks/nipspapers/paper_files/nips26/1232.pdf},
	Year = {2013},
	Bdsk-Url-1 = {http://media.nips.cc/nipsbooks/nipspapers/paper_files/nips26/1232.pdf}}

@inproceedings{pastor2009learning,
	Author = {Pastor, P. and Hoffmann, H. and Asfour, T. and Schaal, S.},
	Booktitle = {IEEE ICRA},
	bib-Organization = {IEEE},
	bib-Pages = {763--768},
	Title = {Learning and generalization of motor skills by learning from demonstration},
	Year = {2009}}

@inproceedings{pinto2016supersizing,
  title={Supersizing self-supervision: Learning to grasp from 50k tries and 700 robot hours},
  author={Pinto, Lerrel and Gupta, Abhinav},
  booktitle={Robotics and Automation (ICRA), 2016 IEEE International Conference on},
  pages={3406--3413},
  year={2016},
  organization={IEEE}
}

@inproceedings{agrawal2016learning,
  title={Learning to poke by poking: Experiential learning of intuitive physics},
  author={Agrawal, Pulkit and Nair, Ashvin V and Abbeel, Pieter and Malik, Jitendra and Levine, Sergey},
  booktitle={Advances in Neural Information Processing Systems},
  pages={5074--5082},
  year={2016}
}

@inproceedings{pinto2016curious,
  title={The curious robot: Learning visual representations via physical interactions},
  author={Pinto, Lerrel and Gandhi, Dhiraj and Han, Yuanfeng and Park, Yong-Lae and Gupta, Abhinav},
  booktitle={European Conference on Computer Vision},
  pages={3--18},
  year={2016},
  organization={Springer}
}

@inproceedings{levine2016learning,
  title={Learning hand-eye coordination for robotic grasping with large-scale data collection},
  author={Levine, Sergey and Pastor, Peter and Krizhevsky, Alex and Quillen, Deirdre},
  booktitle={International Symposium on Experimental Robotics},
  pages={173--184},
  year={2016},
  organization={Springer}
}

@inproceedings{rakthanmanon2012searching,
	Author = {Rakthanmanon, Thanawin and Campana, Bilson and Mueen, Abdullah and Batista, Gustavo and Westover, Brandon and Zhu, Qiang and Zakaria, Jesin and Keogh, Eamonn},
	Booktitle = {KDD},
	Organization = {ACM},
	Pages = {262--270},
	Title = {Searching and mining trillions of time series subsequences under dynamic time warping},
	Year = {2012}}

@inproceedings{ross2013learning,
	Author = {Ross, Stephane and Zhou, Jiaji and Yue, Yisong and Dey, Debadeepta and Bagnell, Drew},
	Booktitle = {ICML},
	Pages = {1364--1372},
	Title = {Learning Policies for Contextual Submodular Prediction},
	Year = {2013}}

@article{schaal1997learning,
	Author = {Schaal, Stefan and others},
	Journal = {NIPS},
	Pages = {1040--1046},
	Publisher = {MORGAN KAUFMANN PUBLISHERS},
	Title = {Learning from demonstration},
	Year = {1997}}

@inproceedings{schuitema2010design,
	Author = {Schuitema, Erik and Wisse, Martijn and Ramakers, Thijs and Jonker, Pieter},
	Booktitle = {Intelligent Robots and Systems (IROS), 2010 IEEE/RSJ International Conference on},
	Organization = {IEEE},
	Pages = {3238--3243},
	Title = {The design of LEO: a 2D bipedal walking robot for online autonomous reinforcement learning},
	Year = {2010}}

@inproceedings{schulman2013learning,
	Author = {Schulman, John and Ho, Jonathan and Lee, Cameron and Abbeel, Pieter},
	Title = {Learning from demonstrations through the use of non-rigid registration}}

@article{sviridenko2004note,
	Author = {Sviridenko, Maxim},
	Journal = {Operations Research Letters},
	Number = {1},
	Pages = {41--43},
	Publisher = {Elsevier},
	Title = {A note on maximizing a submodular set function subject to a knapsack constraint},
	Volume = {32},
	Year = {2004}}

@article{ude2010task,
	Author = {Ude, Ales and Gams, Andrej and Asfour, Tamim and Morimoto, Jun},
	Journal = {Robotics, IEEE Transactions on},
	Number = {5},
	Pages = {800--815},
	Publisher = {IEEE},
	Title = {Task-specific generalization of discrete and periodic dynamic movement primitives},
	Volume = {26},
	Year = {2010}}

@inproceedings{willsky2009sharing,
	Author = {Willsky, Alan S and Sudderth, Erik B and Jordan, Michael I and Fox, Emily B},
	Booktitle = {NIPS},
	Pages = {549--557},
	Title = {Sharing features among dynamical systems with beta processes},
	Year = {2009}}

@incollection{yan2006general,
	Author = {Yan, Jingyu and Pollefeys, Marc},
	Booktitle = {Computer Vision--ECCV 2006},
	Pages = {94--106},
	Publisher = {Springer},
	Title = {A general framework for motion segmentation: Independent, articulated, rigid, non-rigid, degenerate and non-degenerate},
	Year = {2006}}

@article{zappella2013surgical,
	Author = {Zappella, L. and Bejar, B. and Hager, G.D. and Vidal, R.},
	Journal = {Medical image analysis},
	Number = {7},
	Pages = {732--745},
	Publisher = {Elsevier},
	Title = {Surgical gesture classification from video and kinematic data},
	Volume = {17},
	Year = {2013}}

@online{dvrk2015fact,
	Author = {Intuitive Surgical},
	Date-Modified = {2015-08-30 05:26:09 +0000},
	Month = April,
	Rating = {1},
	Read = {0},
	Title = {Da Vinci Fact Sheet},
	Url = {http://www.davincisurgery.com/assets/docs/da-vinci-surgery-fact-sheet-en-1005195.pdf?location=1&version=b},
	Year = {2015},
	Bdsk-Url-1 = {http://www.davincisurgery.com/assets/docs/da-vinci-surgery-fact-sheet-en-1005195.pdf?location=1&version=b}}

@inproceedings{grundmann2010efficient,
	Author = {Grundmann, Matthias and Kwatra, Vivek and Han, Mei and Essa, Irfan},
	Booktitle = {Computer Vision and Pattern Recognition (CVPR), 2010 IEEE Conference on},
	Organization = {IEEE},
	Pages = {2141--2148},
	Title = {Efficient hierarchical graph-based video segmentation},
	Year = {2010}}

@article{koprinska2001temporal,
	Author = {Koprinska, Irena and Carrato, Sergio},
	Journal = {Signal processing: Image communication},
	Number = {5},
	Pages = {477--500},
	Publisher = {Elsevier},
	Title = {Temporal video segmentation: A survey},
	Volume = {16},
	Year = {2001}}

@inproceedings{elhamifar2009sparse,
	Author = {Elhamifar, Ehsan and Vidal, Ren{\'e}},
	Booktitle = {Computer Vision and Pattern Recognition, 2009. CVPR 2009. IEEE Conference on},
	Organization = {IEEE},
	Pages = {2790--2797},
	Title = {Sparse subspace clustering},
	Year = {2009}}

@inproceedings{he2012incremental,
	Author = {He, Jun and Balzano, Laura and Szlam, Arthur},
	Booktitle = {Computer Vision and Pattern Recognition (CVPR), 2012 IEEE Conference on},
	Organization = {IEEE},
	Pages = {1568--1575},
	Title = {Incremental gradient on the grassmannian for online foreground and background separation in subsampled video},
	Year = {2012}}

@inproceedings{wolff2013optimal,
	Author = {Wolff, Eric M and Murray, Richard M},
	Booktitle = {Proc. of the International Symposium on Robotics Research (ISRR)},
	Title = {Optimal control of nonlinear systems with temporal logic specifications},
	Year = {2013}}

@incollection{lauer2008switched,
	Author = {Lauer, Fabien and Bloch, G{\'e}rard},
	Booktitle = {Hybrid Systems: Computation and Control},
	Pages = {330--343},
	Publisher = {Springer},
	Title = {Switched and piecewise nonlinear hybrid system identification},
	Year = {2008}}

@incollection{antsaklis1993hybrid,
	Author = {Antsaklis, Panos J and Stiver, James A and Lemmon, Michael},
	Booktitle = {Hybrid Systems},
	Pages = {366--392},
	Publisher = {Springer},
	Title = {Hybrid system modeling and autonomous control systems},
	Year = {1993}}

@article{rosen2006generalized,
	Author = {Rosen, Jacob and Brown, Jeffrey D and Chang, Lily and Sinanan, Mika N and Hannaford, Blake},
	Journal = {Biomedical Engineering, IEEE Transactions on},
	Number = {3},
	Pages = {399--413},
	Publisher = {IEEE},
	Title = {Generalized approach for modeling minimally invasive surgery as a stochastic process using a discrete Markov model},
	Volume = {53},
	Year = {2006}}

@article{quellec2014segmentation,
	Author = {Quellec, G. and Lamard, M. and Cochener, B. and Cazuguel, G.},
	Commentdoi = {10.1109/TMI.2014.2340473},
	Issn = {0278-0062},
	Journal = {Medical Imaging, IEEE Transactions on},
	Month = {Dec},
	bib-Number = {12},
	bib-Pages = {2352-2360},
	Title = {Real-Time Segmentation and Recognition of Surgical Tasks in Cataract Surgery Videos},
	bib-Volume = {33},
	Year = {2014}}

@article{vakanski2012trajectory,
	Author = {Vakanski, A. and Mantegh, I. and Irish, A. and Janabi-Sharifi, F.},
	Commentdoi = {10.1109/TSMCB.2012.2185694},
	Issn = {1083-4419},
	Journal = {Systems, Man, and Cybernetics, Part B: Cybernetics, IEEE Transactions on},
	Month = {Aug},
	Number = {4},
	Pages = {1039-1052},
	Title = {Trajectory Learning for Robot Programming by Demonstration Using Hidden Markov Model and Dynamic Time Warping},
	Volume = {42},
	Year = {2012}}

@inproceedings{asfour2006imitation,
	Author = {Asfour, T. and Gyarfas, F. and Azad, P. and Dillmann, R.},
	Booktitle = {Humanoid Robots, 2006 6th IEEE-RAS International Conference on},
	Commentdoi = {10.1109/ICHR.2006.321361},
	Month = {Dec},
	Pages = {40-47},
	Title = {Imitation Learning of Dual-Arm Manipulation Tasks in Humanoid Robots},
	Year = {2006}}

@inproceedings{calinon2004stochastic,
	Author = {Calinon, S. and Billard, A.},
	Booktitle = {IEEE/RSJ Int. Conf. on Intelligent Robots and Systems (IROS)},
	Commentdoi = {10.1109/IROS.2004.1389828},
	Month = {Sept},
	Pages = {2769-2774 vol.3},
	Title = {Stochastic gesture production and recognition model for a humanoid robot},
	Volume = {3},
	Year = {2004}}

@incollection{tao2013surgical,
	Author = {Tao, Lingling and Zappella, Luca and Hager, Gregory D and Vidal, Ren{\'e}},
	Booktitle = {Medical Image Computing and Computer-Assisted Intervention--MICCAI 2013},
	bib-Pages = {339--346},
	Publisher = {Springer},
	Title = {Surgical gesture segmentation and recognition},
	Year = {2013}}

@article{kruger2010learning,
	Author = {Kruger, Volker and Herzog, Dennis and Baby, Sanmohan and Ude, Ales and Kragic, Danica},
	Journal = {Robotics \& Automation Magazine, IEEE},
	Number = {2},
	Pages = {30--43},
	Publisher = {IEEE},
	Title = {Learning actions from observations},
	Volume = {17},
	Year = {2010}}

@article{calinon2010learning,
	Author = {Calinon, Sylvain and D'halluin, Florent and Sauser, Eric L and Caldwell, Darwin G and Billard, Aude G},
	Journal = {Robotics \& Automation Magazine, IEEE},
	Number = {2},
	Pages = {44--54},
	Publisher = {IEEE},
	Title = {Learning and reproduction of gestures by imitation},
	Volume = {17},
	Year = {2010}}

@article{lee2015autonomous,
	Author = {Lee, Sang Hyoung and Suh, Il Hong and Calinon, Sylvain and Johansson, Rolf},
	Journal = {Autonomous Robots},
	Number = {2},
	Pages = {107--141},
	Year = {2015},
	Publisher = {Springer},
	Title = {Autonomous framework for segmenting robot trajectories of manipulation task},
	Volume = {38}}

@inproceedings{kruger2012imitation,
	Author = {Kr{\"u}ger, Volker and Tikhanoff, Vadim and Natale, Lorenzo and Sandini, Giulio},
	Booktitle = {Robotics and Automation (ICRA), 2012 IEEE International Conference on},
	Organization = {IEEE},
	Pages = {2029--2034},
	Title = {Imitation learning of non-linear point-to-point robot motions using Dirichlet processes},
	Year = {2012}}

@inproceedings{krishnan2015tsc,
  title={{Transition State Clustering: Unsupervised Surgical Trajectory Segmentation For Robot Learning}},
  author={Krishnan*, Sanjay and Garg*, Animesh and Patil, Sachin and Lea, Colin and Hager, Gregory and Abbeel, Pieter and Goldberg, Ken and (*denotes equal contribution)},
  booktitle={International Symposium of Robotics Research},
  year={2015},
  organization={Springer STAR}
}


@inproceedings{fox2009nonparametric,
	Author = {Fox, Emily B and Sudderth, Erik B and Jordan, Michael I and Willsky, Alan S},
	Booktitle = {NIPS},
	Pages = {457--464},
	Title = {Nonparametric Bayesian learning of switching linear dynamical systems},
	Year = {2009}}

@inproceedings{oh2005learning,
	Author = {Oh, Sang Min and Rehg, James M and Balch, Tucker and Dellaert, Frank},
	Booktitle = {Computer Vision, 2005. ICCV 2005. Tenth IEEE International Conference on},
	Organization = {IEEE},
	Pages = {1161--1168},
	Title = {Learning and inference in parametric switching linear dynamic systems},
	Volume = {2},
	Year = {2005}}

@techreport{hodgins2009guide,
	Author = {Hodgins, Fernando and Macey, J},
	Institution = {Citeseer},
	Title = {Guide to the carnegie mellon university multimodal activity (cmu-mmac) database},
	Year = {2009}}

@inproceedings{ofli2013berkeley,
	Author = {Ofli, Ferda and Chaudhry, Rizwan and Kurillo, Gregorij and Vidal, Ren{\'e} and Bajcsy, Ruzena},
	Booktitle = {Applications of Computer Vision (WACV), 2013 IEEE Workshop on},
	Organization = {IEEE},
	Pages = {53--60},
	Title = {Berkeley mhad: A comprehensive multimodal human action database},
	Year = {2013}}

@article{kulic2011incremental,
	Author = {Kuli{\'c}, Dana and Ott, Christian and Lee, Dongheui and Ishikawa, Junichi and Nakamura, Yoshihiko},
	bib-Journal = {The International Journal of Robotics Research},
	Journal = {Int'l Journal of Robotics Research},
	Publisher = {SAGE Publications},
	Title = {Incremental learning of full body motion primitives and their sequencing through human motion observation},
	Year = {2011}}

@inproceedings{krizhevsky2012imagenet,
	Author = {Krizhevsky, Alex and Sutskever, Ilya and Hinton, Geoffrey E},
	Booktitle = {NIPS},
	Pages = {1097--1105},
	Title = {Imagenet classification with deep convolutional neural networks},
	Year = {2012}}

@book{sutton1998reinforcement,
  title={Reinforcement learning: An introduction},
  author={Sutton, Richard S and Barto, Andrew G},
  volume={1},
  number={1},
  year={1998},
  publisher={MIT press Cambridge}
}

@article{lecun1995convolutional,
	Author = {LeCun, Yann and Bengio, Yoshua},
	Journal = {The handbook of brain theory and neural networks},
	Number = {10},
	Title = {Convolutional networks for images, speech, and time series},
	Volume = {3361},
	Year = {1995}}

@inproceedings{jia2014caffe,
	Author = {Jia, Yangqing and Shelhamer, Evan and Donahue, Jeff and Karayev, Sergey and Long, Jonathan and Girshick, Ross and Guadarrama, Sergio and Darrell, Trevor},
	Booktitle = {ICM},
	Organization = {ACM},
	Pages = {675--678},
	Title = {Caffe: Convolutional architecture for fast feature embedding},
	Year = {2014}}

@article{long2014fully,
	Author = {Long, Jonathan and Shelhamer, Evan and Darrell, Trevor},
	Journal = {arXiv preprint arXiv:1411.4038},
	Title = {Fully convolutional networks for semantic segmentation},
	Year = {2014}}

@inproceedings{oquab2014learning,
	Author = {Oquab, Maxime and Bottou, Leon and Laptev, Ivan and Sivic, Josef},
	Booktitle = {Computer Vision and Pattern Recognition (CVPR), 2014 IEEE Conference on},
	Organization = {IEEE},
	Pages = {1717--1724},
	Title = {Learning and transferring mid-level image representations using convolutional neural networks},
	Year = {2014}}

@inproceedings{konidaris2009efficient,
	Author = {Konidaris, George and Barto, Andrew G},
	Booktitle = {IJCAI},
	Pages = {1107--1112},
	Title = {Efficient Skill Learning using Abstraction Selection.},
	Volume = {9},
	Year = {2009}}

@inproceedings{subramanian2011learning,
	Author = {Subramanian, Kaushik and Isbell, Charles and Thomaz, Andrea},
	Booktitle = {2011 IJCAI Workshop on Agents Learning Interactively from Human Teachers (ALIHT)},
	Organization = {Citeseer},
	Title = {Learning options through human interaction},
	Year = {2011}}

@inproceedings{lu2013story,
	Author = {Lu, Zheng and Grauman, Kristen},
	Booktitle = {Computer Vision and Pattern Recognition (CVPR), 2013 IEEE Conference on},
	Organization = {IEEE},
	Pages = {2714--2721},
	Title = {Story-driven summarization for egocentric video},
	Year = {2013}}

@article{karaman2010incremental,
  title={Incremental sampling-based algorithms for optimal motion planning},
  author={Karaman, Sertac},
  journal={Robotics Science and Systems VI},
  volume={104},
  pages={2}
}

@inproceedings{kazanzides2014open,
  title={An open-source research kit for the da Vinci{\textregistered} Surgical System},
  author={Kazanzides, Peter and Chen, Zihan and Deguet, Anton and Fischer, Gregory S and Taylor, Russell H and DiMaio, Simon P},
  booktitle={Robotics and Automation (ICRA), 2014 IEEE International Conference on},
  pages={6434--6439},
  year={2014},
  organization={IEEE}
}

@inproceedings{hoai2011joint,
	Author = {Hoai, Minh and Lan, Zhen-Zhong and De la Torre, Fernando},
	Booktitle = {Computer Vision and Pattern Recognition (CVPR), 2011 IEEE Conference on},
	Organization = {IEEE},
	bib-Pages = {3265--3272},
	Title = {Joint segmentation and classification of human actions in video},
	Year = {2011}}

@inproceedings{tang2012learning,
	Author = {Tang, Kevin and Fei-Fei, Li and Koller, Daphne},
	Booktitle = {Computer Vision and Pattern Recognition (CVPR), 2012 IEEE Conference on},
	Organization = {IEEE},
	bib-Pages = {1250--1257},
	Title = {Learning latent temporal structure for complex event detection},
	Year = {2012}}

@article{koppula2013learning,
	Author = {Koppula, Hema Swetha and Gupta, Rudhir and Saxena, Ashutosh},
	Journal = {The International Journal of Robotics Research},
	Number = {8},
	Pages = {951--970},
	Publisher = {SAGE Publications},
	Title = {Learning human activities and object affordances from rgb-d videos},
	Volume = {32},
	Year = {2013}}

@inproceedings{chu2015video,
	Author = {Chu, Wen-Sheng and Song, Yale and Jaimes, Alejandro},
	Booktitle = {CVPR},
	Pages = {3584--3592},
	Title = {Video Co-summarization: Video Summarization by Visual Co-occurrence},
	Year = {2015}}

@article{yang2013discovering,
	Author = {Yang, Yang and Saleemi, Imran and Shah, Mubarak},
	Journal = {Pattern Analysis and Machine Intelligence, IEEE Transactions on},
	Number = {7},
	Pages = {1635--1648},
	Publisher = {IEEE},
	Title = {Discovering motion primitives for unsupervised grouping and one-shot learning of human actions, gestures, and expressions},
	Volume = {35},
	Year = {2013}}

@inproceedings{jones2014unsupervised,
	Author = {Jones, Simon and Shao, Ling},
	Booktitle = {Computer Vision and Pattern Recognition (CVPR), 2014 IEEE Conference on},
	Organization = {IEEE},
	bib-Pages = {604--611},
	Title = {Unsupervised spectral dual assignment clustering of human actions in context},
	Year = {2014}}

@inproceedings{wu2015watch,
	Author = {Wu, Chenxia and Zhang, Jiemi and Savarese, Silvio and Saxena, Ashutosh},
	Booktitle = {Computer Vision and Pattern Recognition, IEEE Conference on},
	bib-Pages = {4362--4370},
	Title = {Watch-n-Patch: Unsupervised Understanding of Actions and Relations},
	Year = {2015}}

@inproceedings{bhattacharya2014recognition,
	Author = {Bhattacharya, Surya and Kalayeh, Mahdi M and Sukthankar, Rahul and Shah, Mubarak},
	Booktitle = {Computer Vision and Pattern Recognition (CVPR), IEEE Conference on},
	Organization = {IEEE},
	Pages = {2243--2250},
	Title = {Recognition of complex events: Exploiting temporal dynamics between underlying concepts},
	Year = {2014}}

@article{lenz2015deep,
	Author = {Lenz, Ian and Lee, Honglak and Saxena, Ashutosh},
	Journal = {The International Journal of Robotics Research},
	bib-Number = {4-5},
	bib-Pages = {705--724},
	Publisher = {SAGE Publications},
	Title = {Deep learning for detecting robotic grasps},
	bib-Volume = {34},
	Year = {2015}}

@article{levine2015end,
	Author = {Levine, Sergey and Finn, Chelsea and Darrell, Trevor and Abbeel, Pieter},
	Journal = {arXiv preprint arXiv:1504.00702},
	Title = {End-to-End Training of Deep Visuomotor Policies},
	Year = {2015}}

@inproceedings{wu2014leveraging,
	Author = {Wu, Di and Shao, Ling},
	Booktitle = {Computer Vision and Pattern Recognition (CVPR), IEEE Conference on},
	bib-Organization = {IEEE},
	bib-Pages = {724--731},
	Title = {Leveraging hierarchical parametric networks for skeletal joints based action segmentation and recognition},
	Year = {2014}}
	
@inproceedings{ng2000algorithms,
  title={Algorithms for inverse reinforcement learning.},
  author={Ng, Andrew Y and Russell, Stuart J},
  booktitle={{ICML}},
  pages={663--670},
  year={2000}
}

@article{stadie2017third,
  title={Third-person imitation learning},
  author={Stadie, Bradly C and Abbeel, Pieter and Sutskever, Ilya},
  journal={arXiv preprint arXiv:1703.01703},
  year={2017}
}

@article{krishnan2016hirl,
  title={HIRL: Hierarchical Inverse Reinforcement Learning for Long-Horizon Tasks with Delayed Rewards},
  author={Krishnan, Sanjay and Garg, Animesh and Liaw, Richard and Miller, Lauren and Pokorny, Florian T and Goldberg, Ken},
  journal={arXiv preprint arXiv:1604.06508},
  year={2016}
}

@inproceedings{calinon2014task,
	Author = {Calinon, Sylvain and Bruno, Danilo and Caldwell, Darwin G},
	Booktitle = {IEEE Int. Conf. on Robotics and Automation (ICRA)},
	Pages = {3339--3344},
	Title = {A task-parameterized probabilistic model with minimal intervention control},
	Year = {2014}}

@inproceedings{calinon2014skills,
	Author = {Calinon, Sylvain},
	Booktitle = {IEEE Int. Conf. on Ubiquitous Robots and Ambient Intelligence (URAI)},
	bib-Organization = {IEEE},
	bib-Pages = {161--162},
	Title = {Skills learning in robots by interaction with users and environment},
	Year = {2014}}

@inproceedings{keogh2001derivative,
	Author = {Keogh, Eamonn J and Pazzani, Michael J},
	Organization = {SIAM},
	Title = {Derivative Dynamic Time Warping.}}

@inproceedings{calinon2009handling,
	Author = {Calinon, Sylvain and Halluin, Florent D and Caldwell, Darwin G and Billard, Aude G},
	Booktitle = {Humanoid Robots, 2009. Humanoids 2009. 9th IEEE-RAS International Conference on},
	Organization = {IEEE},
	Pages = {582--588},
	Title = {Handling of multiple constraints and motion alternatives in a robot programming by demonstration framework},
	Year = {2009}}

@inproceedings{tang2010toward,
	Author = {Tang, Hao and Hasegawa-Johnson, Mark and Huang, Thomas S},
	Booktitle = {Acoustics Speech and Signal Processing (ICASSP), 2010 IEEE International Conference on},
	Organization = {IEEE},
	Pages = {5242--5245},
	Title = {Toward robust learning of the Gaussian mixture state emission densities for hidden Markov models},
	Year = {2010}}

@article{manschitz2015learning,
	Author = {Manschitz, Simon and Kober, Jens and Gienger, Michael and Peters, Jan},
	Journal = {Robotics and Autonomous Systems},
	Publisher = {Elsevier},
	Title = {Learning movement primitive attractor goals and sequential skills from kinesthetic demonstrations},
	Year = {2015}}

@inproceedings{DBLP:conf/icra/LevineWA15,
  author    = {Sergey Levine and
               Nolan Wagener and
               Pieter Abbeel},
  title     = {Learning contact-rich manipulation skills with guided policy search},
  booktitle = {{IEEE} International Conference on Robotics and Automation, {ICRA}
               2015, Seattle, WA, USA, 26-30 May, 2015},
  pages     = {156--163},
  year      = {2015},
  bib-crossref  = {DBLP:conf/icra/2015},
  url       = {http://dx.doi.org/10.1109/ICRA.2015.7138994},
  doi       = {10.1109/ICRA.2015.7138994},
  timestamp = {Mon, 13 Jul 2015 16:39:42 +0200},
  biburl    = {http://dblp.uni-trier.de/rec/bib/conf/icra/LevineWA15},
  bibsource = {dblp computer science bibliography, http://dblp.org}
}
@inproceedings{DBLP:conf/icra/PunjaniA15,
  author    = {Ali Punjani and
               Pieter Abbeel},
  title     = {Deep learning helicopter dynamics models},
  booktitle = {{IEEE} International Conference on Robotics and Automation, {ICRA}
               2015, Seattle, WA, USA, 26-30 May, 2015},
  pages     = {3223--3230},
  year      = {2015},
  crossref  = {DBLP:conf/icra/2015},
  url       = {http://dx.doi.org/10.1109/ICRA.2015.7139643},
  doi       = {10.1109/ICRA.2015.7139643},
  timestamp = {Mon, 13 Jul 2015 16:39:42 +0200},
  biburl    = {http://dblp.uni-trier.de/rec/bib/conf/icra/PunjaniA15},
  bibsource = {dblp computer science bibliography, http://dblp.org}
}
@inproceedings{DBLP:conf/icml/SchulmanLAJM15,
  author    = {John Schulman and
               Sergey Levine and
               Pieter Abbeel and
               Michael I. Jordan and
               Philipp Moritz},
  title     = {Trust Region Policy Optimization},
  booktitle = {ICML},
  pages     = {1889--1897},
  year      = {2015},
  bib-crossref  = {DBLP:conf/icml/2015},
  url       = {http://jmlr.org/proceedings/papers/v37/schulman15.html},
  timestamp = {Sun, 05 Jul 2015 19:10:23 +0200},
  biburl    = {http://dblp.uni-trier.de/rec/bib/conf/icml/SchulmanLAJM15},
  bibsource = {dblp computer science bibliography, http://dblp.org}
}
@inproceedings{DBLP:conf/iros/HanLA15,
  author    = {Weiqiao Han and
               Sergey Levine and
               Pieter Abbeel},
  title     = {Learning compound multi-step controllers under unknown dynamics},
  booktitle = {2015 {IEEE/RSJ} International Conference on Intelligent Robots and
               Systems, {IROS} 2015, Hamburg, Germany, September 28 - October 2,
               2015},
  pages     = {6435--6442},
  year      = {2015},
  url       = {http://dx.doi.org/10.1109/IROS.2015.7354297},
  doi       = {10.1109/IROS.2015.7354297},
  timestamp = {Mon, 04 Jan 2016 15:56:49 +0100},
  biburl    = {http://dblp.uni-trier.de/rec/bib/conf/iros/HanLA15},
  bibsource = {dblp computer science bibliography, http://dblp.org}
}
@article{DBLP:journals/corr/SchulmanHWA15,
  author    = {John Schulman and
               Nicolas Heess and
               Theophane Weber and
               Pieter Abbeel},
  title     = {Gradient Estimation Using Stochastic Computation Graphs},
  journal   = {NIPS},
  volume    = {abs/1506.05254},
  year      = {2016},
  url       = {http://arxiv.org/abs/1506.05254},
  timestamp = {Wed, 01 Jul 2015 15:10:24 +0200},
  biburl    = {http://dblp.uni-trier.de/rec/bib/journals/corr/SchulmanHWA15},
  bibsource = {dblp computer science bibliography, http://dblp.org}
}
@article{DBLP:journals/corr/XiePMLA15,
  author    = {Christopher Xie and
               Sachin Patil and
               Teodor Mihai Moldovan and
               Sergey Levine and
               Pieter Abbeel},
  title     = {Model-based Reinforcement Learning with Parametrized Physical Models
               and Optimism-Driven Exploration},
  journal   = {ICRA},
  volume    = {abs/1509.06824},
  year      = {2016},
  url       = {http://arxiv.org/abs/1509.06824},
  timestamp = {Thu, 01 Oct 2015 14:28:48 +0200},
  biburl    = {http://dblp.uni-trier.de/rec/bib/journals/corr/XiePMLA15},
  bibsource = {dblp computer science bibliography, http://dblp.org}
}

@article{DBLP:journals/corr/ZhangLMFA15,
  author    = {Marvin Zhang and
               Sergey Levine and
               Zoe McCarthy and
               Chelsea Finn and
               Pieter Abbeel},
  title     = {Policy Learning with Continuous Memory States for Partially Observed
               Robotic Control},
  journal   = {ICRA},
  volume    = {abs/1507.01273},
  year      = {2016},
  url       = {http://arxiv.org/abs/1507.01273},
  timestamp = {Sun, 02 Aug 2015 18:42:02 +0200},
  biburl    = {http://dblp.uni-trier.de/rec/bib/journals/corr/ZhangLMFA15},
  bibsource = {dblp computer science bibliography, http://dblp.org}
}
@article{finn2015learning,
  title={Learning Visual Feature Spaces for Robotic Manipulation with Deep Spatial Autoencoders},
  author={Finn, Chelsea and Tan, Xin Yu and Duan, Yan and Darrell, Trevor and Levine, Sergey and Abbeel, Pieter},
  journal={ICRA},
  year={2016}
}
@article{DBLP:journals/corr/ZhangKLA15,
  author    = {Tianhao Zhang and
               Gregory Kahn and
               Sergey Levine and
               Pieter Abbeel},
  title     = {Learning Deep Control Policies for Autonomous Aerial Vehicles with
               MPC-Guided Policy Search},
  journal   = {ICRA},
  volume    = {abs/1509.06791},
  year      = {2016},
  url       = {http://arxiv.org/abs/1509.06791},
  timestamp = {Thu, 01 Oct 2015 14:28:48 +0200},
  biburl    = {http://dblp.uni-trier.de/rec/bib/journals/corr/ZhangKLA15},
  bibsource = {dblp computer science bibliography, http://dblp.org}
}
@article{schulman2015high,
  title={High-dimensional continuous control using generalized advantage estimation},
  author={Schulman, John and Moritz, Philipp and Levine, Sergey and Jordan, Michael and Abbeel, Pieter},
  journal={ICLR},
  year={2016}
}
@article{DBLP:journals/corr/LevineFDA15,
  author    = {Sergey Levine and
               Chelsea Finn and
               Trevor Darrell and
               Pieter Abbeel},
  title     = {End-to-End Training of Deep Visuomotor Policies},
  journal   = {CoRR},
  volume    = {abs/1504.00702},
  year      = {2015},
  url       = {http://arxiv.org/abs/1504.00702},
  timestamp = {Sat, 02 May 2015 17:50:32 +0200},
  biburl    = {http://dblp.uni-trier.de/rec/bib/journals/corr/LevineFDA15},
  bibsource = {dblp computer science bibliography, http://dblp.org}
}

@inproceedings{li2004iterative,
  title={Iterative linear quadratic regulator design for nonlinear biological movement systems.},
  author={Li, Weiwei and Todorov, Emanuel}
}

@article{DBLP:journals/corr/StadieLA15,
  author    = {Bradly C. Stadie and
               Sergey Levine and
               Pieter Abbeel},
  title     = {Incentivizing Exploration In Reinforcement Learning With Deep Predictive
               Models},
  journal   = {CoRR},
  volume    = {abs/1507.00814},
  year      = {2015},
  url       = {http://arxiv.org/abs/1507.00814},
  timestamp = {Sun, 02 Aug 2015 18:42:02 +0200},
  biburl    = {http://dblp.uni-trier.de/rec/bib/journals/corr/StadieLA15},
  bibsource = {dblp computer science bibliography, http://dblp.org}
}
@article{DBLP:journals/corr/FuLA15,
  author    = {Justin Fu and
               Sergey Levine and
               Pieter Abbeel},
  title     = {One-Shot Learning of Manipulation Skills with Online Dynamics Adaptation
               and Neural Network Priors},
  journal   = {CoRR},
  volume    = {abs/1509.06841},
  year      = {2015},
  url       = {http://arxiv.org/abs/1509.06841},
  timestamp = {Thu, 01 Oct 2015 14:28:48 +0200},
  biburl    = {http://dblp.uni-trier.de/rec/bib/journals/corr/FuLA15},
  bibsource = {dblp computer science bibliography, http://dblp.org}
}
@article{DBLP:journals/corr/TamarLA16,
  author    = {Aviv Tamar and
               Sergey Levine and
               Pieter Abbeel},
  title     = {Value Iteration Networks},
  journal   = {CoRR},
  volume    = {abs/1602.02867},
  year      = {2016},
  url       = {http://arxiv.org/abs/1602.02867},
  timestamp = {Tue, 01 Mar 2016 17:47:25 +0100},
  biburl    = {http://dblp.uni-trier.de/rec/bib/journals/corr/TamarLA16},
  bibsource = {dblp computer science bibliography, http://dblp.org}
}

@inproceedings{grollman2010incremental,
	Author = {Grollman, Daniel H and Jenkins, Odest Chadwicke},
	Booktitle = {Intelligent Robots and Systems (IROS), 2010 IEEE/RSJ International Conference on},
	Organization = {IEEE},
	Pages = {261--266},
	Title = {Incremental learning of subtasks from unsegmented demonstration},
	Year = {2010}}

@inproceedings{kulic2008scaffolding,
	Author = {Kuli{\'c}, Dana and Nakamura, Yoshihiko},
	Booktitle = {Intelligent Robots and Systems, 2008. IROS 2008. IEEE/RSJ International Conference on},
	Organization = {IEEE},
	Pages = {2860--2866},
	Title = {Scaffolding on-line segmentation of full body human motion patterns},
	Year = {2008}}

@misc{AnnualReport2014,
	Author = {{Intuitive Surgical}},
	Title = {Annual Report 2014},
	Url = {http://investor.intuitivesurgical.com/phoenix.zhtml?c=122359&p=irol-IRHome},
	Year = {2014},
	Bdsk-Url-1 = {http://investor.intuitivesurgical.com/phoenix.zhtml?c=122359&p=irol-IRHome}}

@inproceedings{jegou2010aggregating,
  title={Aggregating local descriptors into a compact image representation},
  author={J{\'e}gou, Herv{\'e} and Douze, Matthijs and Schmid, Cordelia and P{\'e}rez, Patrick},
  booktitle={Computer Vision and Pattern Recognition (CVPR), 2010 IEEE Conference on},
  pages={3304--3311},
  year={2010},
  organization={IEEE}
}

@inproceedings{thrun1993issues,
  title={Issues in using function approximation for reinforcement learning},
  author={Thrun, Sebastian and Schwartz, Anton},
  booktitle={Proceedings of the 1993 Connectionist Models Summer School Hillsdale, NJ. Lawrence Erlbaum},
  year={1993}
}

@inproceedings{bertsekas1995neuro,
  title={Neuro-dynamic programming: an overview},
  author={Bertsekas, Dimitri P and Tsitsiklis, John N},
  booktitle={Decision and Control, 1995., Proceedings of the 34th IEEE Conference on},
  volume={1},
  pages={560--564},
  year={1995},
  organization={IEEE}
}

@inproceedings{arandjelovic2013all,
  title={All about VLAD},
  author={Arandjelovic, Relja and Zisserman, Andrew},
  booktitle={Computer Vision and Pattern Recognition (CVPR), 2013 IEEE Conference on},
  pages={1578--1585},
  year={2013},
  organization={IEEE}
}

@article{xu2014discriminative,
  title={A discriminative CNN video representation for event detection},
  author={Xu, Zhongwen and Yang, Yi and Hauptmann, Alexander G},
  bib-journal={arXiv preprint arXiv:1411.4006},
  journal={arXiv:1411.4006},
  year={2014}
}

@inproceedings{kantorov2014efficient,
  title={Efficient feature extraction, encoding, and classification for action recognition},
  author={Kantorov, Vadim and Laptev, Ivan},
  booktitle={Computer Vision and Pattern Recognition (CVPR), 2014 IEEE Conference on},
  pages={2593--2600},
  year={2014},
  organization={IEEE}
}

@article{simonyan2014very,
  title={Very deep convolutional networks for large-scale image recognition},
  author={Simonyan, Karen and Zisserman, Andrew},
  journal={arXiv:1409.1556},
  year={2014}
}

@article{calli2015corr,
  author    = {Berk {\c{C}}alli and
               Aaron Walsman and
               Arjun Singh and
               Siddhartha Srinivasa and
               Pieter Abbeel and
               Aaron M. Dollar},
  title     = {Benchmarking in Manipulation Research: The {YCB} Object and Model
               Set and Benchmarking Protocols},
  journal   = {CoRR, abs/1502.03143},
  bib-volume    = {abs/1502.03143},
  year      = {2015},
  ignore-url       = {http://arxiv.org/abs/1502.03143},
  timestamp = {Mon, 02 Mar 2015 14:17:34 +0100},
  biburl    = {http://dblp.uni-trier.de/rec/bib/journals/corr/CalliWSSAD15},
  bibsource = {dblp computer science bibliography, http://dblp.org}
}

@inproceedings{calinon2010evaluation,
  title={Evaluation of a probabilistic approach to learn and reproduce gestures by imitation},
  author={Calinon, Sylvain and Sauser, Eric L and Billard, Aude G and Caldwell, Darwin G},
  booktitle={Robotics and Automation (ICRA), 2010 IEEE International Conference on},
  pages={2671--2676},
  year={2010},
  organization={IEEE}
}

@inproceedings{yosinski2014NIPS,
  title={How transferable are features in deep neural networks?},
  author={Yosinski, Jason and Clune, Jeff and Bengio, Yoshua and Lipson, Hod},
  booktitle={NIPS},
  year={2014}
}

@inproceedings{hanlearning,
	Author = {Han, Weiqiao and Levine, Sergey and Abbeel, Pieter},
	Title = {Learning Compound Multi-Step Controllers under Unknown Dynamics},
	Organization = {IEEE},
	Booktitle = {International Conference on Intelligent Robots and Systems 2016},
	Year = {2016}}
	
	
@article{niitsu2013OSATS,
author={Niitsu, Hiroaki and Hirabayashi, Naoki and Yoshimitsu, Masanori and Mimura, Takeshi and Taomoto, Junya and Sugiyama, Yoich and Murakami, Shigeru and Saeki, Shuji and Mukaida, Hidenori and Takiyama, Wataru},
title={Using the Objective Structured Assessment of Technical Skills (OSATS) global rating scale to evaluate the skills of surgical trainees in the operating room},
journal={Surgery Today},
bib-volume={43},
bib-number={3},
publisher={Springer Japan},
year={2013},
bib-issn={0941-1291},
bib-doi={10.1007/s00595-012-0313-7},
bib-url={http://dx.doi.org/10.1007/s00595-012-0313-7},
bib-keywords={Education; Global rating scale; OSATS},

bib-pages={271-275}
}%OSATS

@inproceedings{simonyan2014two,
  title={Two-stream convolutional networks for action recognition in videos},
  author={Simonyan, Karen and Zisserman, Andrew},
  booktitle={NIPS},
  pages={568--576},
  year={2014}
}

@article{zhang2015policy,
  title={Policy learning with continuous memory states for partially observed robotic control},
  author={Zhang, Marvin and Levine, Sergey and McCarthy, Zoe and Finn, Chelsea and Abbeel, Pieter},
  journal={arXiv preprint arXiv:1507.01273},
  year={2015}
}

@inproceedings{ng2000algorithms,
  title={Algorithms for inverse reinforcement learning.},
  author={Ng, Andrew Y and Russell, Stuart J and others},
  booktitle={Icml},
  pages={663--670},
  year={2000}
}

@article{sun2017deeply,
  title={Deeply aggrevated: Differentiable imitation learning for sequential prediction},
  author={Sun, Wen and Venkatraman, Arun and Gordon, Geoffrey J and Boots, Byron and Bagnell, J Andrew},
  journal={arXiv preprint arXiv:1703.01030},
  year={2017}
}

@inproceedings{ross2011reduction,
  title={A Reduction of Imitation Learning and Structured Prediction to No-Regret Online Learning.},
  author={Ross, St{\'e}phane and Gordon, Geoffrey J and Bagnell, Drew},
  booktitle={AISTATS},
  volume={1},
  number={2},
  pages={6},
  year={2011}
}

@inproceedings{DBLP:conf/icml/NgHR99,
  author    = {Andrew Y. Ng and
               Daishi Harada and
               Stuart J. Russell},
  title     = {Policy Invariance Under Reward Transformations: Theory and Application
               to Reward Shaping},
  booktitle = {ICML},
  pages     = {278--287},
  year      = {1999},
  bib-crossref  = {DBLP:conf/icml/1999},
  timestamp = {Tue, 03 Dec 2002 12:31:12 +0100},
  biburl    = {http://dblp.uni-trier.de/rec/bib/conf/icml/NgHR99},
  bibsource = {dblp computer science bibliography, http://dblp.org}
}

@inproceedings{DBLP:conf/icml/WeinbergerDLSA09,
  author    = {Kilian Q. Weinberger and
               Anirban Dasgupta and
               John Langford and
               Alexander J. Smola and
               Josh Attenberg},
  title     = {Feature hashing for large scale multitask learning},
  booktitle = {ICML},
  pages     = {1113--1120},
  year      = {2009},
  bib-crossref  = {DBLP:conf/icml/2009},
  url       = {http://doi.acm.org/10.1145/1553374.1553516},
  doi       = {10.1145/1553374.1553516},
  timestamp = {Mon, 29 Sep 2014 17:13:49 +0200},
  biburl    = {http://dblp.uni-trier.de/rec/bib/conf/icml/WeinbergerDLSA09},
  bibsource = {dblp computer science bibliography, http://dblp.org}
}

@inproceedings{DBLP:conf/nips/Sutton95,
  author    = {Richard S. Sutton},
  title     = {Generalization in Reinforcement Learning: Successful Examples Using
               Sparse Coarse Coding},
  booktitle = {NIPS},
  pages     = {1038--1044},
  year      = {1995},
  crossref  = {DBLP:conf/nips/1995},
  timestamp = {Thu, 11 Dec 2014 17:34:08 +0100},
  biburl    = {http://dblp.uni-trier.de/rec/bib/conf/nips/Sutton95},
  bibsource = {dblp computer science bibliography, http://dblp.org}
}


@inproceedings{murali2016,
  title={{TSC-DL: Unsupervised Trajectory Segmentation of Multi-Modal Surgical Demonstrations with Deep Learning}},
  author={Adithyavairavan Murali* and Animesh Garg* and Sanjay Krishnan* and
Florian T. Pokorny and Pieter Abbeel and Trevor Darrell and Ken Goldberg and (*denotes equal contribution)},
  Booktitle = {IEEE Int. Conf. on Robotics and Automation (ICRA)},
  year={2016}
}

@inproceedings{DBLP:conf/aaai/ZiebartMBD08,
  author    = {Brian D. Ziebart and
               Andrew L. Maas and
               J. Andrew Bagnell and
               Anind K. Dey},
  title     = {Maximum Entropy Inverse Reinforcement Learning},
  booktitle = {AAAI},
  bib-booktitle = {Proceedings of the Twenty-Third {AAAI} Conference on Artificial Intelligence, {AAAI} 2008, Chicago, Illinois, USA, July 13-17, 2008},
  bib-pages     = {1433--1438},
  year      = {2008},
  timestamp = {Mon, 10 Dec 2012 17:36:53 +0100},
  biburl    = {http://dblp.uni-trier.de/rec/bib/conf/aaai/ZiebartMBD08},
  bibsource = {dblp computer science bibliography, http://dblp.org}
}


@article{DBLP:journals/corr/HeessHLS15,
  author    = {Nicolas Heess and
               Jonathan J. Hunt and
               Timothy P. Lillicrap and
               David Silver},
  title     = {Memory-based control with recurrent neural networks},
  journal   = {CoRR},
  volume    = {abs/1512.04455},
  year      = {2015},
  url       = {http://arxiv.org/abs/1512.04455},
  timestamp = {Sat, 02 Jan 2016 11:38:49 +0100},
  biburl    = {http://dblp.uni-trier.de/rec/bib/journals/corr/HeessHLS15},
  bibsource = {dblp computer science bibliography, http://dblp.org}
}

@inproceedings{DBLP:conf/nips/Bakker01,
  author    = {Bram Bakker},
  title     = {Reinforcement Learning with Long Short-Term Memory},
  booktitle = {NIPS},
  pages     = {1475--1482},
  year      = {2001},
  timestamp = {Thu, 11 Dec 2014 17:34:08 +0100},
  biburl    = {http://dblp.uni-trier.de/rec/bib/conf/nips/Bakker01},
  bibsource = {dblp computer science bibliography, http://dblp.org}
}

@article{DBLP:journals/neco/Pearlmutter89,
  author    = {Barak A. Pearlmutter},
  title     = {Learning State Space Trajectories in Recurrent Neural Networks},
  journal   = {Neural Computation},
  volume    = {1},
  number    = {2},
  pages     = {263--269},
  year      = {1989},
  url       = {http://dx.doi.org/10.1162/neco.1989.1.2.263},
  doi       = {10.1162/neco.1989.1.2.263},
  timestamp = {Tue, 10 Mar 2015 10:35:10 +0100},
  biburl    = {http://dblp.uni-trier.de/rec/bib/journals/neco/Pearlmutter89},
  bibsource = {dblp computer science bibliography, http://dblp.org}
}

@article{DBLP:journals/neco/CleeremansSM89,
  author    = {Axel Cleeremans and
               David Servan{-}Schreiber and
               James L. McClelland},
  title     = {Finite State Automata and Simple Recurrent Networks},
  journal   = {Neural Computation},
  volume    = {1},
  number    = {3},
  pages     = {372--381},
  year      = {1989},
  url       = {http://dx.doi.org/10.1162/neco.1989.1.3.372},
  doi       = {10.1162/neco.1989.1.3.372},
  timestamp = {Tue, 10 Mar 2015 10:35:10 +0100},
  biburl    = {http://dblp.uni-trier.de/rec/bib/journals/neco/CleeremansSM89},
  bibsource = {dblp computer science bibliography, http://dblp.org}
}

@article{dietterich2000hierarchical,
  title={Hierarchical reinforcement learning with the MAXQ value function decomposition},
  author={Dietterich, Thomas G},
  journal={J. Artif. Intell. Res.(JAIR)},
  volume={13},
  pages={227--303},
  year={2000}
}

@article{mcgovern2001automatic,
  title={Automatic discovery of subgoals in reinforcement learning using diverse density},
  author={McGovern, Amy and Barto, Andrew G},
  journal={Computer Science Department Faculty Publication Series},
  pages={8},
  year={2001}
}

@incollection{menache2002q,
  title={{Q-cut dynamic discovery of sub-goals in reinforcement learning}},
  author={Menache, Ishai and Mannor, Shie and Shimkin, Nahum},
  booktitle={Machine Learning: ECML 2002},
  pages={295--306},
  year={2002},
  publisher={Springer}
}

@inproceedings{csimcsek2004using,
  title={Using relative novelty to identify useful temporal abstractions in reinforcement learning},
  author={{\c{S}}im{\c{s}}ek, {\"O}zg{\"u}r and Barto, Andrew G},
  booktitle={ICML},
  pages={95},
  year={2004},
  organization={ACM}
}

@article{kaelbling1996reinforcement,
  title={Reinforcement learning: A survey},
  author={Kaelbling, Leslie Pack and Littman, Michael L and Moore, Andrew W},
  journal={Journal of artificial intelligence research},
  pages={237--285},
  year={1996}
}

@inproceedings{DBLP:conf/nips/KolterAN07,
  author    = {J. Zico Kolter and
               Pieter Abbeel and
               Andrew Y. Ng},
  title     = {Hierarchical Apprenticeship Learning with Application to Quadruped
               Locomotion},
  booktitle = {NIPS},
  pages     = {769--776},
  year      = {2007},
  timestamp = {Thu, 11 Dec 2014 17:34:08 +0100},
  biburl    = {http://dblp.uni-trier.de/rec/bib/conf/nips/KolterAN07},
  bibsource = {dblp computer science bibliography, http://dblp.org}
}

@inproceedings{calandriello2014sparse,
  title={Sparse multi-task reinforcement learning},
  author={Calandriello, Daniele and Lazaric, Alessandro and Restelli, Marcello},
  booktitle={NIPS},
  pages={819--827},
  year={2014}
}

@inproceedings{DBLP:conf/aamas/KnoxS12,
  author    = {W. Bradley Knox and
               Peter Stone},
  title     = {Reinforcement learning from simultaneous human and {MDP} reward},
  booktitle = {International Conference on Autonomous Agents and Multiagent Systems,
               {AAMAS} 2012, Valencia, Spain, June 4-8, 2012 {(3} Volumes)},
  pages     = {475--482},
  year      = {2012},
  bib-crossref  = {DBLP:conf/atal/2012},
  url       = {http://dl.acm.org/citation.cfm?id=2343644},
  timestamp = {Thu, 19 Mar 2015 17:49:02 +0100},
  biburl    = {http://dblp.uni-trier.de/rec/bib/conf/aamas/KnoxS12},
  bibsource = {dblp computer science bibliography, http://dblp.org}
}

@inproceedings{DBLP:conf/aaai/JudahFTG14,
  author    = {Kshitij Judah and
               Alan Paul Fern and
               Prasad Tadepalli and
               Robby Goetschalckx},
  title     = {Imitation Learning with Demonstrations and Shaping Rewards},
  booktitle = {AAAI},
  pages     = {1890--1896},
  year      = {2014},
  bib-crossref  = {DBLP:conf/aaai/2014},
  timestamp = {Thu, 31 Jul 2014 09:00:19 +0200},
  biburl    = {http://dblp.uni-trier.de/rec/bib/conf/aaai/JudahFTG14},
  bibsource = {dblp computer science bibliography, http://dblp.org}
}

@inproceedings{DBLP:conf/ijcai/MacGlashanL15,
  author    = {James MacGlashan and
               Michael L. Littman},
  title     = {Between Imitation and Intention Learning},
  booktitle = {IJCAI},
  pages     = {3692--3698},
  year      = {2015},
  bib-crossref  = {DBLP:conf/ijcai/2015},
  url       = {http://ijcai.org/papers15/Abstracts/IJCAI15-519.html},
  timestamp = {Mon, 20 Jul 2015 19:12:40 +0200},
  biburl    = {http://dblp.uni-trier.de/rec/bib/conf/ijcai/MacGlashanL15},
  bibsource = {dblp computer science bibliography, http://dblp.org}
}

@inproceedings{kaelbling1993hierarchical,
  title={Hierarchical learning in stochastic domains: Preliminary results},
  author={Kaelbling, Leslie Pack},
  year={1993}
}

@article{khansari2011learning,
  title={Learning stable nonlinear dynamical systems with gaussian mixture models},
  author={Khansari-Zadeh, S Mohammad and Billard, Aude},
  journal={Robotics, IEEE Transactions on},
  volume={27},
  number={5},
  pages={943--957},
  year={2011},
  publisher={IEEE}
}

@inproceedings{harchaoui2009kernel,
  title={Kernel change-point analysis},
  author={Harchaoui, Zaid and Moulines, Eric and Bach, Francis R},
  booktitle={NIPS},
  pages={609--616},
  year={2009}
}
@book{boyd1994linear,
  title={Linear matrix inequalities in system and control theory},
  author={Boyd, Stephen P and El Ghaoui, Laurent and Feron, Eric and Balakrishnan, Venkataramanan},
  volume={15},
  year={1994},
  publisher={SIAM}
}

@article{DBLP:journals/corr/KrishnanGLMPG16,
  author    = {Sanjay Krishnan and
               Animesh Garg and
               Richard Liaw and
               Lauren Miller and
               Florian T. Pokorny and
               Ken Goldberg},
  title     = {{HIRL: Hierarchical Inverse Reinforcement Learning for Long-Horizon Tasks with Delayed Rewards}},
  journal   = {arXiv CoRR},
  volume    = {abs/1604.06508},
  year      = {2016},
  url       = {http://arxiv.org/abs/1604.06508},
  timestamp = {Mon, 02 May 2016 18:22:52 +0200},
  biburl    = {http://dblp.uni-trier.de/rec/bib/journals/corr/KrishnanGLMPG16},
  bibsource = {dblp computer science bibliography, http://dblp.org}
}

@inproceedings{ranchod2015nonparametric,
  title={Nonparametric Bayesian reward segmentation for skill discovery using inverse reinforcement learning},
  author={Ranchod, Pravesh and Rosman, Benjamin and Konidaris, George},
  booktitle={IEEE/RSJ Int. Conf. on Intelligent Robots and Systems (IROS)},
  bib-pages={471--477},
  year={2015},
  organization={IEEE}
}

@inproceedings{DBLP:conf/nips/MikaSSMSR98,
  author    = {Sebastian Mika and
               Bernhard Sch{\"{o}}lkopf and
               Alexander J. Smola and
               Klaus{-}Robert M{\"{u}}ller and
               Matthias Scholz and
               Gunnar R{\"{a}}tsch},
  title     = {Kernel {PCA} and De-Noising in Feature Spaces},
  booktitle = {NIPS},
  pages     = {536--542},
  year      = {1998},
  bib-crossref  = {DBLP:conf/nips/1998},
  timestamp = {Thu, 07 May 2015 20:04:44 +0200},
  biburl    = {http://dblp.uni-trier.de/rec/bib/conf/nips/MikaSSMSR98},
  bibsource = {dblp computer science bibliography, http://dblp.org}
}

@inproceedings{DBLP:conf/isnn/ZhaoL06b,
  author    = {Zhong{-}Gai Zhao and
               Fei Liu},
  title     = {On-Line Nonlinear Process Monitoring Using Kernel Principal Component
               Analysis and Neural Network},
  booktitle = {NIPS},
  pages     = {945--950},
  year      = {2006},
  bib-crossref  = {DBLP:conf/isnn/2006-3},
  url       = {http://dx.doi.org/10.1007/11760191_138},
  doi       = {10.1007/11760191_138},
  timestamp = {Thu, 18 Jun 2015 15:46:22 +0200},
  biburl    = {http://dblp.uni-trier.de/rec/bib/conf/isnn/ZhaoL06b},
  bibsource = {dblp computer science bibliography, http://dblp.org}
}

@MISC{RLPy,
author = {Alborz Geramifard and Robert H Klein and Christoph Dann and
William Dabney and Jonathan P How},
title = {{RLPy: The Reinforcement Learning Library for Education and Research}},
bib-month = Apr,
year = {2013},
howpublished = {\url{http://acl.mit.edu/RLPy}},
}

@inproceedings{abbeel2004apprenticeship,
  title={Apprenticeship learning via inverse reinforcement learning},
  author={Abbeel, Pieter and Ng, Andrew Y},
  booktitle={ICML},
  pages={1},
  year={2004},
  organization={ACM}
}

@inproceedings{ziebart2012probabilistic,
  title={Probabilistic pointing target prediction via inverse optimal control},
  author={Ziebart, Brian and Dey, Anind and Bagnell, J Andrew},
  booktitle={UIST},
  pages={1--10},
  year={2012},
  organization={ACM}
}