@article{lee2015autonomous,
  title={Autonomous framework for segmenting robot trajectories of manipulation task},
  author={Lee, Sang Hyoung and Suh, Il Hong and Calinon, Sylvain and Johansson, Rolf},
  journal={AURO},
  year={2015}
}

@inproceedings{van2010superhuman,
  title={Superhuman performance of surgical tasks by robots using iterative learning from human-guided demonstrations},
  author={Van Den Berg, Jur and Miller, Stephen and Duckworth, Daniel and Hu, Humphrey and Wan, Andrew and Fu, Xiao-Yu and Goldberg, Ken and Abbeel, Pieter},
  booktitle={{ICRA}},
  year={2010}
}

@inproceedings{meier2011movement,
  title={Movement segmentation using a primitive library},
  author={Meier, Franziska and Theodorou, Evangelos and Stulp, Freek and Schaal, Stefan},
  booktitle={{IROS}},
  year={2011}
}

@inproceedings{lioutikov2015probabilistic,
  title={Probabilistic segmentation applied to an assembly task},
  author={Lioutikov, Rudolf and Neumann, Gerhard and Maeda, Guilherme and Peters, Jan},
  booktitle={Humanoid Robots (Humanoids)},
  year={2015}
}

@inproceedings{chiappa2010movement,
  title={Movement extraction by detecting dynamics switches and repetitions},
  author={Chiappa, Silvia and Peters, Jan R},
  booktitle={NIPS},
  year={2010}
}

@inproceedings{krishnan2016swirl,
  title={{SWIRL}: A Sequential Windowed Inverse Reinforcement Learning Algorithm for Robot Tasks With Delayed Rewards},
  booktitle={{WAFR}},
  author={Krishnan, Sanjay and Garg, Animesh and Liaw, Richard and Thananjeyan, Brijen and Miller, Lauren and Pokorny, Florian T and Goldberg, Ken},
    year={2016}
}

@inproceedings{wachter2015hierarchical,
  title={Hierarchical segmentation of manipulation actions based on object relations and motion characteristics},
  author={W{\"a}chter, Mirko and Asfour, Tamim},
  booktitle={{ICAR}},
  year={2015}
}

@article{kleinsmith2013affective,
  title={Affective body expression perception and recognition: A survey},
  author={Kleinsmith, Andrea and Bianchi-Berthouze, Nadia},
  journal={IEEE Transactions on Affective Computing},
  year={2013}
}

@inproceedings{alvarez2010switched,
  title={Switched latent force models for movement segmentation},
  author={Alvarez, Mauricio and Peters, Jan R and Lawrence, Neil D and Sch{\"o}lkopf, Bernhard},
  booktitle={NIPS},
  year={2010}
}

@inproceedings{barbivc2004segmenting,
  title={Segmenting motion capture data into distinct behaviors},
  author={Barbi{\v{c}}, Jernej and Safonova, Alla and Pan, Jia-Yu and Faloutsos, Christos and Hodgins, Jessica K and Pollard, Nancy S},
  booktitle={Graphics Interface},
  pages={185--194},
  year={2004}}

@inproceedings{DBLP:conf/icra/KrugerTNS12,
  author    = {Volker Kr{\"{u}}ger and
               Vadim Tikhanoff and
               Lorenzo Natale and
               Giulio Sandini},
  title     = {Imitation learning of non-linear point-to-point robot motions using
               dirichlet processes},
  booktitle = {{ICRA}},
  year      = {2012},
  crossref  = {DBLP:conf/icra/2012},
  timestamp = {Thu, 19 Jul 2012 11:19:29 +0200},
  biburl    = {http://dblp.uni-trier.de/rec/bib/conf/icra/KrugerTNS12},
  bibsource = {dblp computer science bibliography, http://dblp.org}
}

@article{DBLP:journals/ar/SanmohanKKK11,
  author    = {San Mohan and
               Volker Kr{\"{u}}ger and
               Danica Kragic and
               Hedvig Kjellstr{\"{o}}m},
  title     = {Primitive-Based Action Representation and Recognition},
  journal   = {Advanced Robotics},
  volume    = {25},
  number    = {6-7},
  year      = {2011},
  timestamp = {Wed, 26 Oct 2011 07:51:10 +0200},
  biburl    = {http://dblp.uni-trier.de/rec/bib/journals/ar/SanmohanKKK11},
  bibsource = {dblp computer science bibliography, http://dblp.org}
}

% This file was created with JabRef 2.10.
% Encoding: ASCII
@String { biorob = {BioRob} }
@String { icra   = {ICRA} }
@String { ijrr   = {Int. Journal of Robotics Research} }
@String { iros   = {IROS} }
@String { isrr   = {ISRR} }
@String { jra    = {IEEE Journal of Robotics and Automation} }
@String { rss    = {RSS} }
@String { tra    = {IEEE Trans. on Robotics and Automation} }
@String { tro    = {IEEE Trans. on Robotics} }
@String { wafr   = {Proc. Workshop Algorithmic Foundations of Robotics (WAFR)} }

@article{fikes1972learning,
  title={Learning and executing generalized robot plans},
  author={Fikes, Richard E and Hart, Peter E and Nilsson, Nils J},
  journal={Artificial intelligence},
  volume={3},
  pages={251--288},
  year={1972},
  publisher={Elsevier}
}

@article{brooks1986robust,
  title={A robust layered control system for a mobile robot},
  author={Brooks, Rodney},
  journal={IEEE journal on robotics and automation},
  volume={2},
  number={1},
  pages={14--23},
  year={1986},
  publisher={IEEE}
}

@InProceedings{affandi2013approximate,
  Title                    = {Approximate inference in continuous determinantal processes},
  Author                   = {Affandi, Raja Hafiz and Fox, Emily and Taskar, Ben},
  Booktitle                = {NIPS},
  Year                     = {2013},
  Pages                    = {1430--1438}
}

@Article{agathos20073d,
  Title                    = {3D mesh segmentation methodologies for CAD applications},
  Author                   = {Agathos, Alexander and Pratikakis, Ioannis and Perantonis, Stavros and Sapidis, Nikolaos and Azariadis, Philip},
  Journal                  = {Computer-Aided Design and Applications},
  Year                     = {2007},
  Number                   = {6},
  Pages                    = {827--841},
  Volume                   = {4},

  Publisher                = {Taylor \& Francis}
}

@Article{anagnostopoulos2004simple,
  Title                    = {A simple and deterministic competitive algorithm for online facility location},
  Author                   = {Anagnostopoulos, Aris and Bent, Russell and Upfal, Eli and Hentenryck, Pascal Van},
  Journal                  = {Information and Computation},
  Year                     = {2004},
  Number                   = {2},
  Pages                    = {175--202},
  Volume                   = {194},

  Publisher                = {Elsevier}
}

@Article{argall2009survey,
  Title                    = {A survey of robot learning from demonstration},
  Author                   = {Argall, Brenna D and Chernova, Sonia and Veloso, Manuela and Browning, Brett},
  Journal                  = {Robotics and autonomous systems},
  Year                     = {2009},
  Number                   = {5},
  Pages                    = {469--483},
  Volume                   = {57},

  Publisher                = {Elsevier}
}

@Misc{bache2013ml,
  Title                    = {{UCI} Machine Learning Repository},

  Author                   = {K. Bache and M. Lichman},
  Year                     = {2013},

  Institution              = {University of California, Irvine, School of Information and Computer Sciences},
}

@Article{broderick2011combinatorial,
  Title                    = {Combinatorial clustering and the beta negative binomial process},
  Author                   = {Broderick, T. and Mackey, L. and Paisley, J. and Jordan, M.I.},
  Journal                  = {IEEE Trans. on Pattern Analysis and Machine Intelligence (PAMI)},
  Year                     = {2011},
  Number                   = {2},
  Pages                    = {290--306},
  Volume                   = {37},

  Publisher                = {IEEE}
}

@InProceedings{chen2006qualitative,
  Title                    = {Qualitative vision-based mobile robot navigation},
  Author                   = {Chen, Zhichao and Birchfield, Stanley T},
  Booktitle                = {{ICRA}},
  Year                     = {2006},
  Organization             = {IEEE},
  Pages                    = {2686--2692}
}

@InProceedings{coates2008learning,
  Title                    = {Learning for control from multiple demonstrations},
  Author                   = {Coates, Adam and Abbeel, Pieter and Ng, Andrew Y},
  Booktitle                = {Proceedings of the 25th international conference on Machine learning},
  Year                     = {2008},
  Organization             = {ACM},
  Pages                    = {144--151}
}

@Book{diaconis2006methods,
  Title                    = {Methods for studying coincidences},
  Author                   = {Diaconis, Persi and Mosteller, Frederick},
  Publisher                = {Springer},
  Year                     = {2006}
}

@Article{ding2008querying,
  Title                    = {Querying and mining of time series data: experimental comparison
of representations and distance measures},
  Author                   = {Ding, Hui and Trajcevski, Goce and Scheuermann, Peter and Wang, Xiaoyue
and Keogh, Eamonn},
  Journal                  = {Proceedings of the VLDB Endowment},
  Year                     = {2008},
  Number                   = {2},
  Pages                    = {1542--1552},
  Volume                   = {1},

  Publisher                = {VLDB Endowment}
}

@Article{elhamifar2014dissimilarity,
  Title                    = {Dissimilarity-based Sparse Subset Selection},
  Author                   = {Elhamifar, Ehsan and Sapiro, Guillermo and Sastry, S Shankar},
  Journal                  = {arXiv preprint arXiv:1407.6810},
  Year                     = {2014}
}

@Conference{gao2014jigsaws,
  Title                    = {The {{JHU-ISI}} Gesture and Skill Assessment Dataset (JIGSAWS): A Surgical Activity Working Set for Human Motion Modeling},
  Author                   = {Gao, Yixin et al. },
  Booktitle                = {Medical Image Computing and Computer-Assisted Intervention (MICCAI)},
  Year                     = {2014}
}

@Article{goebel2009hybrid,
  Title                    = {Hybrid dynamical systems},
  Author                   = {Goebel, Rafal and Sanfelice, Ricardo G and Teel, A},
  Journal                  = {Control Systems},
  Year                     = {2009},
  Number                   = {2},
  Pages                    = {28--93},
  Volume                   = {29},

  Publisher                = {IEEE}
}

@InProceedings{hsu1997path,
  Title                    = {Path planning in expansive configuration spaces},
  Author                   = {Hsu, David and Latombe, J-C and Motwani, Rajeev},
  Booktitle                = {{ICRA}},
  Year                     = {1997},
  Organization             = {IEEE},
  Pages                    = {2719--2726},
  Volume                   = {3}
}

@InProceedings{ijspreet2002learning,
  Title                    = {Learning Attractor Landscapes for Learning Motor Primitives},
  Author                   = {A.J. Ijspeert and J. Nakanishi and S. Schaal},
  Booktitle                = {Neural Information
 Processing Systems (NIPS)},
  Year                     = {2002},
  Pages                    = {1523--1530}
}

@InProceedings{iwata2009submodular,
  Title                    = {Submodular function minimization under covering constraints},
  Author                   = {Iwata, Satoru and Nagano, Kiyohito},
  Booktitle                = {Foundations of Computer Science, 2009. FOCS'09. 50th Annual IEEE Symposium on},
  Year                     = {2009},
  Organization             = {IEEE},
  Pages                    = {671--680}
}

@InCollection{iyer2013submodular,
  Title                    = {Submodular Optimization with Submodular Cover and Submodular Knapsack Constraints},
  Author                   = {Iyer, Rishabh K and Bilmes, Jeff A},
  Booktitle                = {Advances in Neural Information Processing Systems 26},
  Year                     = {2013},
  Editor                   = {C.J.C. Burges and L. Bottou and M. Welling and Z. Ghahramani and K.Q. Weinberger},
  Pages                    = {2436--2444}
}

@InProceedings{jain2013focus,
  Title                    = {Focus: clustering crowdsourced videos by line-of-sight},
  Author                   = {Jain, Puneet and Manweiler, Justin and Acharya, Arup and Beaty, Kirk},
  Booktitle                = {Proceedings of the 11th ACM Conference on Embedded Networked Sensor Systems},
  Year                     = {2013},
  Organization             = {ACM},
  Pages                    = {8}
}



@inproceedings{kehoe2014autonomous,
  author    = {Ben Kehoe and
               Gregory Kahn and
               Jeffrey Mahler and
               Jonathan Kim and
               Alex X. Lee and
               Anna Lee and
               Keisuke Nakagawa and
               Sachin Patil and
               W. Douglas Boyd and
               Pieter Abbeel and
               Kenneth Y. Goldberg},
  title     = {Autonomous multilateral debridement with the Raven surgical robot},
  booktitle = {2014 {IEEE} International Conference on Robotics and Automation, {ICRA}
               2014, Hong Kong, China, May 31 - June 7, 2014},
  pages     = {1432--1439},
  year      = {2014},
  crossref  = {DBLP:conf/icra/2014},
  timestamp = {Thu, 13 Nov 2014 14:26:59 +0100},
  biburl    = {http://dblp.uni-trier.de/rec/bib/conf/icra/KehoeKMKLLNPBAG14},
  bibsource = {dblp computer science bibliography, http://dblp.org}
}

@Article{Koppula01072013,
  Title                    = {Learning human activities and object affordances from RGB-D videos},
  Author                   = {Koppula, Hema Swetha and Gupta, Rudhir and Saxena, Ashutosh},
  Journal                  = {{IJRR}},
  Year                     = {2013},
  Number                   = {8},
  Pages                    = {951-970},
  Volume                   = {32},

  Abstract                 = {Understanding human activities and object affordances are two very important skills,
 especially for personal robots which operate in human environments. In this work, we
 consider the problem of extracting a descriptive labeling of the sequence of
 sub-activities being performed by a human, and more importantly, of their interactions
 with the objects in the form of associated affordances. Given a RGB-D video, we jointly
 model the human activities and object affordances as a Markov random field where the nodes
 represent objects and sub-activities, and the edges represent the relationships between
 object affordances, their relations with sub-activities, and their evolution over time. We
 formulate the learning problem using a structural support vector machine (SSVM) approach,
 where labelings over various alternate temporal segmentations are considered as latent
 variables. We tested our method on a challenging dataset comprising 120 activity videos
 collected from 4 subjects, and obtained an accuracy of 79.4% for affordance, 63.4% for
 sub-activity and 75.0% for high-level activity labeling. We then demonstrate the use of
 such descriptive labeling in performing assistive tasks by a PR2 robot.},
  Doi                      = {10.1177/0278364913478446},
  Eprint                   = {http://ijr.sagepub.com/content/32/8/951.full.pdf+html},
  Url                      = {http://ijr.sagepub.com/content/32/8/951.abstract}
}

@InProceedings{krause2010submodular,
  Title                    = {Submodular dictionary selection for sparse representation},
  Author                   = {Krause, Andreas and Cevher, Volkan},
  Booktitle                = {{ICML}},
  Year                     = {2010},
  Pages                    = {567--574}
}


@inproceedings{kulis2011revisiting,
  author    = {Brian Kulis and
               Michael I. Jordan},
  title     = {Revisiting k-means: New Algorithms via Bayesian Nonparametrics},
  booktitle = {{ICML} },
  year      = {2012},
  crossref  = {DBLP:conf/icml/2012},
  timestamp = {Fri, 25 Jan 2013 09:27:52 +0100},
  bibsource = {dblp computer science bibliography, http://dblp.org}
}

@InProceedings{kurihara2006accelerated,
  Title                    = {Accelerated variational Dirichlet process mixtures},
  Author                   = {Kurihara, Kenichi and Welling, Max and Vlassis, Nikos A},
  Booktitle                = {NIPS},
  Year                     = {2006},
  Pages                    = {761--768}
}

@article{lin2006towards,
  title={Towards automatic skill evaluation: Detection and segmentation of robot-assisted surgical motions},
  author={Lin, Henry C and Shafran, Izhak and Yuh, David and Hager, Gregory D},
  journal={Computer Aided Surgery},
  volume={11},
  number={5},
  pages={220--230},
  year={2006},
  publisher={Taylor \& Francis}
}

@InProceedings{lea15improved,
  Title                    = {An Improved Model for Segmentation and Recognition of Fine-Grained Activities with Application to Surgical Training Tasks.},
  Author                   = {Colin Lea and 
 Gregory D. Hager and 
 Ren\`{e} Vidal},
  Booktitle                = {WACV},
  Year                     = {2015},
  ignorePages                    = {1123-1129}
}

@InProceedings{lin2011class,
  Title                    = {A class of submodular functions for document summarization},
  Author                   = {Lin, Hui and Bilmes, Jeff},
  Booktitle                = {Proceedings of the 49th Annual Meeting of the Association for Computational Linguistics: Human Language Technologies-Volume 1},
  Year                     = {2011},
  Organization             = {Association for Computational Linguistics},
  Pages                    = {510--520}
}


@inproceedings{lin2005automatic,
  author    = {Henry C. Lin and
               Izhak Shafran and
               Todd E. Murphy and
               Allison M. Okamura and
               David D. Yuh and
               Gregory D. Hager},
  title     = {Automatic Detection and Segmentation of Robot-Assisted Surgical Motions},
  booktitle = {Medical Image Computing and Computer-Assisted Intervention - {MICCAI}
               2005, 8th International Conference, Palm Springs, CA, USA, October
               26-29, 2005, Proceedings, Part {I}},
  pages     = {802--810},
  year      = {2005},
  crossref  = {DBLP:conf/miccai/2005-1},
  timestamp = {Thu, 13 Oct 2005 13:09:35 +0200},
  biburl    = {http://dblp.uni-trier.de/rec/bib/conf/miccai/LinSMOYH05},
  bibsource = {dblp computer science bibliography, http://dblp.org}
}

@Article{van2013barnes,
  Title                    = {Barnes-Hut-SNE},
  Author                   = {van der Maaten, Laurens},
  Journal                  = {arXiv preprint arXiv:1301.3342},
  Year                     = {2013}
}

@InProceedings{mackey2011divide,
  Title                    = {Divide-and-conquer matrix factorization},
  Author                   = {Mackey, Lester W and Jordan, Michael I and Talwalkar, Ameet},
  Booktitle                = {Advances in Neural Information Processing Systems},
  Year                     = {2011},
  Pages                    = {1134--1142}
}


@inproceedings{mahler2014learning,
  author    = {Jeffrey Mahler and
               Sanjay Krishnan and
               Michael Laskey and
               Siddarth Sen and
               Adithyavairavan Murali and
               Ben Kehoe and
               Sachin Patil and
               Jiannan Wang and
               Mike Franklin and
               Pieter Abbeel and
               Kenneth Y. Goldberg},
  title     = {Learning accurate kinematic control of cable-driven surgical robots
               using data cleaning and Gaussian Process Regression},
  booktitle = {2014 {IEEE} International Conference on Automation Science and Engineering,
               {CASE} 2014, New Taipei, Taiwan, August 18-22, 2014},
  pages     = {532--539},
  year      = {2014},
  crossref  = {DBLP:conf/case/2014},
  timestamp = {Thu, 06 Nov 2014 14:37:52 +0100},
  biburl    = {http://dblp.uni-trier.de/rec/bib/conf/case/MahlerKLSMKPWFAG14},
  bibsource = {dblp computer science bibliography, http://dblp.org}
}

@InProceedings{messing2009activity,
  Title                    = {Activity recognition using the velocity histories of tracked keypoints},
  Author                   = {Messing, Ross and Pal, Chris and Kautz, Henry},
  Booktitle                = {Computer Vision, 2009 IEEE 12th International Conference on},
  Year                     = {2009},
  Organization             = {IEEE},
  Pages                    = {104--111}
}

@inproceedings{moldovan2013dirichlet,
  author    = {Teodor Mihai Moldovan and
               Sergey Levine and
               Michael I. Jordan and
               Pieter Abbeel},
  title     = {Optimism-driven exploration for nonlinear systems},
  booktitle = {{IEEE} International Conference on Robotics and Automation, {ICRA}
               2015, Seattle, WA, USA, 26-30 May, 2015},
  pages     = {3239--3246},
  year      = {2015},
  crossref  = {DBLP:conf/icra/2015},
  timestamp = {Mon, 13 Jul 2015 16:39:42 +0200},
  bibsource = {dblp computer science bibliography, http://dblp.org}
}

@inproceedings{watter2015embed,
  title={Embed to control: A locally linear latent dynamics model for control from raw images},
  author={Watter, Manuel and Springenberg, Jost and Boedecker, Joschka and Riedmiller, Martin},
  booktitle={Advances in Neural Information Processing Systems},
  pages={2746--2754},
  year={2015}
}

@article{lillicrap2015continuous,
  title={Continuous control with deep reinforcement learning},
  author={Lillicrap, Timothy P and Hunt, Jonathan J and Pritzel, Alexander and Heess, Nicolas and Erez, Tom and Tassa, Yuval and Silver, David and Wierstra, Daan},
  journal={arXiv preprint arXiv:1509.02971},
  year={2015}
}

@article{levine2016end,
  title={End-to-end training of deep visuomotor policies},
  author={Levine, Sergey and Finn, Chelsea and Darrell, Trevor and Abbeel, Pieter},
  journal={Journal of Machine Learning Research},
  volume={17},
  number={39},
  pages={1--40},
  year={2016}
}


@inproceedings{murali2015learning,
  author    = {Adithyavairavan Murali and
               Siddarth Sen and
               Ben Kehoe and
               Animesh Garg and
               Seth McFarland and
               Sachin Patil and
               W. Douglas Boyd and
               Susan Lim and
               Pieter Abbeel and
               Kenneth Y. Goldberg},
  title     = {Learning by observation for surgical subtasks: Multilateral cutting
               of 3D viscoelastic and 2D Orthotropic Tissue Phantoms},
  booktitle = {{IEEE} International Conference on Robotics and Automation, {ICRA}
               2015, Seattle, WA, USA, 26-30 May, 2015},
  pages     = {1202--1209},
  year      = {2015},
  crossref  = {DBLP:conf/icra/2015},
  timestamp = {Mon, 13 Jul 2015 16:39:42 +0200},
  biburl    = {http://dblp.uni-trier.de/rec/bib/conf/icra/MuraliSKGMPBLAG15},
  bibsource = {dblp computer science bibliography, http://dblp.org}
}

@InProceedings{nicolescu2003natural,
  Title                    = {Natural Methods for Robot Task Learning: Instructive Demonstrations, Generalization and Practice},
  Author                   = {Nicolescu, Monica N. and Mataric, Maja J.},
  Booktitle                = {{AAMS}},
  Year                     = {2003},

  Address                  = {New York, NY, USA},
  Pages                    = {241--248},
  Publisher                = {ACM},
  Series                   = {AAMAS '03},

  Acmid                    = {860614},
  Doi                      = {10.1145/860575.860614},
  ISBN                     = {1-58113-683-8},
  Keywords                 = {human-robot interaction, learning by demonstration, robotics},
  Location                 = {Melbourne, Australia},
  Numpages                 = {8}
}

@inproceedings{niekum2012learning,
  author    = {Scott Niekum and
               Sarah Osentoski and
               George Konidaris and
               Andrew G. Barto},
  title     = {Learning and generalization of complex tasks from unstructured demonstrations},
  booktitle = {2012 {IEEE/RSJ} International Conference on Intelligent Robots and
               Systems, {IROS} 2012, Vilamoura, Algarve, Portugal, October 7-12,
               2012},
  pages     = {5239--5246},
  year      = {2012},
  crossref  = {DBLP:conf/iros/2012},
  timestamp = {Fri, 04 Jan 2013 12:44:31 +0100},
  biburl    = {http://dblp.uni-trier.de/rec/bib/conf/iros/NiekumOKB12},
  bibsource = {dblp computer science bibliography, http://dblp.org}
}

@Article{niekum2015learning,
  Title                    = {Learning grounded finite-state representations from unstructured demonstrations},
  Author                   = {Scott Niekum and Sarah Osentoski and George Konidaris and Sachin Chitta and Bhaskara Marthi and Andrew G. Barto},
  Journal                  = {I. J. Robotic Res.},
  Year                     = {2015},
  Number                   = {2},
  Pages                    = {131--157},
  Volume                   = {34},

  Bibsource                = {dblp computer science bibliography, http://dblp.org},
  Timestamp                = {Thu, 26 Mar 2015 12:25:59 +0100},
  commentUrl                      = {http://dx.doi.org/10.1177/0278364914554471}
}

@InProceedings{osa2014trajectory,
  Title                    = {Trajectory planning under different initial conditions for surgical task automation by learning from demonstration},
  Author                   = {T. Osa and
 K. Harada and
 N. Sugita and
 M. Mitsuishi},
  Booktitle                = {Int. Conf. on Robotics and Automation (ICRA)},
  Year                     = {2014},
  Pages                    = {6507--6513}
}

@InCollection{paraschos2013probablitistic,
  Title                    = {Probabilistic Movement Primitives},
  Author                   = {Paraschos, Alexandros and Daniel, Christian and Peters, January and Neumann, Gerhard},
  Booktitle                = {{NIPS}},
  Year                     = {2013},
  Editor                   = {C.J.C. Burges and L. Bottou and M. Welling and Z. Ghahramani and K.Q. Weinberger},
  Pages                    = {2616--2624},
}

@inproceedings{daniel2012hierarchical,
  title={Hierarchical Relative Entropy Policy Search.},
  author={Daniel, Christian and Neumann, Gerhard and Peters, Jan},
  booktitle={AISTATS},
  pages={273--281},
  year={2012}
}

@InProceedings{pastor2009learning,
  Title                    = {Learning and generalization of motor skills by learning from demonstration},
  Author                   = {Pastor, P. and Hoffmann, H. and Asfour, T. and Schaal, S.},
  Booktitle                = {Int. Conf. on Robotics and Automation (ICRA)},
  Year                     = {2009},
  Organization             = {IEEE},
  Pages                    = {763--768}
}

@InProceedings{rakthanmanon2012searching,
  Title                    = {Searching and mining trillions of time series subsequences under dynamic 
time warping},
  Author                   = {Rakthanmanon, Thanawin and Campana, Bilson and Mueen, Abdullah and Batista,
Gustavo and Westover, Brandon and Zhu, Qiang and Zakaria, Jesin and Keogh, Eamonn},
  Booktitle                = {Proceedings of the 18th ACM SIGKDD international conference on Knowledge 
discovery and data mining},
  Year                     = {2012},
  Organization             = {ACM},
  Pages                    = {262--270}
}

@InProceedings{reiley2010motion,
  Title                    = {Motion generation of robotic surgical tasks: Learning from expert demonstrations},
  Author                   = {Reiley, Carol E and Plaku, Erion and Hager, Gregory D},
  Booktitle                = {Engineering in Medicine and Biology Society (EMBC), 2010 Annual International Conference of the IEEE},
  Year                     = {2010},
  Organization             = {IEEE},
  Pages                    = {967--970}
}

@InProceedings{ross2013learning,
  Title                    = {Learning Policies for Contextual Submodular Prediction},
  Author                   = {Ross, Stephane and Zhou, Jiaji and Yue, Yisong and Dey, Debadeepta and Bagnell, Drew},
  Booktitle                = {Proceedings of The 30th International Conference on Machine Learning},
  Year                     = {2013},
  Pages                    = {1364--1372}
}

@Article{schaal1997learning,
  Title                    = {Learning from demonstration},
  Author                   = {Schaal, Stefan and others},
  Journal                  = {Advances in neural information processing systems},
  Year                     = {1997},
  Pages                    = {1040--1046},

  Publisher                = {MORGAN KAUFMANN PUBLISHERS}
}

@InProceedings{schuitema2010design,
  Title                    = {The design of LEO: a 2D bipedal walking robot for online autonomous reinforcement learning},
  Author                   = {Schuitema, Erik and Wisse, Martijn and Ramakers, Thijs and Jonker, Pieter},
  Booktitle                = {Intelligent Robots and Systems (IROS), 2010 IEEE/RSJ International Conference on},
  Year                     = {2010},
  Organization             = {IEEE},
  Pages                    = {3238--3243}
}

@InProceedings{schulman2013learning,
  Title                    = {Learning from demonstrations through the use of non-rigid registration},
  Author                   = {Schulman, John and Ho, Jonathan and Lee, Cameron and Abbeel, Pieter}
}

@Article{sviridenko2004note,
  Title                    = {A note on maximizing a submodular set function subject to a knapsack constraint},
  Author                   = {Sviridenko, Maxim},
  Journal                  = {Operations Research Letters},
  Year                     = {2004},
  Number                   = {1},
  Pages                    = {41--43},
  Volume                   = {32},

  Publisher                = {Elsevier}
}

@Article{ude2010task,
  Title                    = {Task-specific generalization of discrete and periodic dynamic movement primitives},
  Author                   = {Ude, Ales and Gams, Andrej and Asfour, Tamim and Morimoto, Jun},
  Journal                  = {Robotics, IEEE Transactions on},
  Year                     = {2010},
  Number                   = {5},
  Pages                    = {800--815},
  Volume                   = {26},

  Publisher                = {IEEE}
}

@incollection{varadarajan2009data,
  title={Data-derived models for segmentation with application to surgical assessment and training},
  author={Varadarajan, Balakrishnan and Reiley, Carol and Lin, Henry and Khudanpur, Sanjeev and Hager, Gregory},
  booktitle={Medical Image Computing and Computer-Assisted Intervention--MICCAI 2009},
  pages={426--434},
  year={2009},
  publisher={Springer}
}

@InProceedings{willsky2009sharing,
  Title                    = {Sharing features among dynamical systems with beta processes},
  Author                   = {Willsky, Alan S and Sudderth, Erik B and Jordan, Michael I and Fox, Emily B},
  Booktitle                = {Advances in Neural Information Processing Systems},
  Year                     = {2009},
  Pages                    = {549--557}
}

@article{fox2010bayesian,
  title={Bayesian nonparametric methods for learning Markov switching processes},
  author={Fox, Emily B and Sudderth, Erik B and Jordan, Michael I and Willsky, Alan S},
  journal={IEEE Signal Processing Magazine},
  volume={27},
  number={6},
  pages={43--54},
  year={2010},
  publisher={IEEE}
}

@InCollection{yan2006general,
  Title                    = {A general framework for motion segmentation: Independent, articulated, rigid, non-rigid, degenerate and non-degenerate},
  Author                   = {Yan, Jingyu and Pollefeys, Marc},
  Booktitle                = {Computer Vision--ECCV 2006},
  Publisher                = {Springer},
  Year                     = {2006},
  Pages                    = {94--106}
}

@article{zappella2013surgical,
  author    = {Luca Zappella and
               Benjam{\'{\i}}n B{\'{e}}jar Haro and
               Gregory D. Hager and
               Ren{\'{e}} Vidal},
  title     = {Surgical gesture classification from video and kinematic data},
  journal   = {Medical Image Analysis},
  volume    = {17},
  number    = {7},
  pages     = {732--745},
  year      = {2013},
  timestamp = {Mon, 15 Jul 2013 15:01:29 +0200},
  biburl    = {http://dblp.uni-trier.de/rec/bib/journals/mia/ZappellaHHV13},
  bibsource = {dblp computer science bibliography, http://dblp.org}
}

@ONLINE{dvrk,
author = {Intuitive Surgical},
title = {Da Vinci Fact Sheet},
month = April,
year = {2015},
url = {http://www.davincisurgery.com/assets/docs/da-vinci-surgery-fact-sheet-en-1005195.pdf?location=1&version=b}
}

@inproceedings{grundmann2010efficient,
  title={Efficient hierarchical graph-based video segmentation},
  author={Grundmann, Matthias and Kwatra, Vivek and Han, Mei and Essa, Irfan},
  booktitle={Computer Vision and Pattern Recognition (CVPR), 2010 IEEE Conference on},
  pages={2141--2148},
  year={2010},
  organization={IEEE}
}

@article{morasso1983three,
  title={Three dimensional arm trajectories},
  author={Morasso, Pietro},
  journal={Biological Cybernetics},
  volume={48},
  number={3},
  pages={187--194},
  year={1983},
  publisher={Springer}
}

@article{moeslund2001survey,
  title={A survey of computer vision-based human motion capture},
  author={Moeslund, Thomas B and Granum, Erik},
  journal={Computer vision and image understanding},
  volume={81},
  number={3},
  pages={231--268},
  year={2001},
  publisher={Elsevier}
}

@article{botvinick2009hierarchically,
  title={Hierarchically organized behavior and its neural foundations: A reinforcement learning perspective},
  author={Botvinick, Matthew M and Niv, Yael and Barto, Andrew C},
  journal={Cognition},
  volume={113},
  number={3},
  pages={262--280},
  year={2009},
  publisher={Elsevier}
}

@article{sternad1999segmentation,
  title={Segmentation of endpoint trajectories does not imply segmented control},
  author={Sternad, Dagmar and Schaal, Stefan},
  journal={Experimental Brain Research},
  volume={124},
  number={1},
  pages={118--136},
  year={1999},
  publisher={Springer}
}

@article{viviani1985segmentation,
  title={Segmentation and coupling in complex movements.},
  author={Viviani, Paolo and Cenzato, Marco},
  journal={Journal of experimental psychology: Human perception and performance},
  volume={11},
  number={6},
  pages={828},
  year={1985},
  publisher={American Psychological Association}
}

@article{koprinska2001temporal,
  title={Temporal video segmentation: A survey},
  author={Koprinska, Irena and Carrato, Sergio},
  journal={Signal processing: Image communication},
  volume={16},
  number={5},
  pages={477--500},
  year={2001},
  publisher={Elsevier}
}

@inproceedings{elhamifar2009sparse,
  title={Sparse subspace clustering},
  author={Elhamifar, Ehsan and Vidal, Ren{\'e}},
  booktitle={Computer Vision and Pattern Recognition, 2009. CVPR 2009. IEEE Conference on},
  pages={2790--2797},
  year={2009},
  organization={IEEE}
}

@inproceedings{he2012incremental,
  title={Incremental gradient on the grassmannian for online foreground and background separation in subsampled video},
  author={He, Jun and Balzano, Laura and Szlam, Arthur},
  booktitle={Computer Vision and Pattern Recognition (CVPR), 2012 IEEE Conference on},
  pages={1568--1575},
  year={2012},
  organization={IEEE}
}

@inproceedings{wolff2013optimal,
  title={Optimal control of nonlinear systems with temporal logic specifications},
  author={Wolff, Eric M and Murray, Richard M},
  booktitle={Proc. of the International Symposium on Robotics Research (ISRR)},
  year={2013}
}

@incollection{lauer2008switched,
  title={Switched and piecewise nonlinear hybrid system identification},
  author={Lauer, Fabien and Bloch, G{\'e}rard},
  booktitle={Hybrid Systems: Computation and Control},
  pages={330--343},
  year={2008},
  publisher={Springer}
}

@incollection{antsaklis1993hybrid,
  title={Hybrid system modeling and autonomous control systems},
  author={Antsaklis, Panos J and Stiver, James A and Lemmon, Michael},
  booktitle={Hybrid Systems},
  pages={366--392},
  year={1993},
  publisher={Springer}
}


@article{rosen2006generalized,
  title={Generalized approach for modeling minimally invasive surgery as a stochastic process using a discrete Markov model},
  author={Rosen, Jacob and Brown, Jeffrey D and Chang, Lily and Sinanan, Mika N and Hannaford, Blake},
  journal={Biomedical Engineering, IEEE Transactions on},
  volume={53},
  number={3},
  pages={399--413},
  year={2006},
  publisher={IEEE}
}

@article{quellec2014segmentation,
  author    = {Gw{\'{e}}nol{\'{e}} Quellec and
               Mathieu Lamard and
               B{\'{e}}atrice Cochener and
               Guy Cazuguel},
  title     = {Real-Time Segmentation and Recognition of Surgical Tasks in Cataract
               Surgery Videos},
  journal   = {{IEEE} Trans. Med. Imaging},
  volume    = {33},
  number    = {12},
  pages     = {2352--2360},
  year      = {2014},
  timestamp = {Tue, 02 Dec 2014 15:30:08 +0100},
  biburl    = {http://dblp.uni-trier.de/rec/bib/journals/tmi/QuellecLCC14},
  bibsource = {dblp computer science bibliography, http://dblp.org}
}


@inproceedings{rakthanmanon2012searching,
 author = {Rakthanmanon, Thanawin and Campana, Bilson and Mueen, Abdullah and Batista, Gustavo and Westover, Brandon and Zhu, Qiang and Zakaria, Jesin and Keogh, Eamonn},
 title = {Searching and Mining Trillions of Time Series Subsequences Under Dynamic Time Warping},
 booktitle = {Proceedings of the 18th ACM SIGKDD International Conference on Knowledge Discovery and Data Mining},
 series = {KDD '12},
 year = {2012},
 isbn = {978-1-4503-1462-6},
 location = {Beijing, China},
 pages = {262--270},
 numpages = {9},
 commenturl = {http://doi.acm.org/10.1145/2339530.2339576},
 commentdoi = {10.1145/2339530.2339576},
 acmid = {2339576},
 publisher = {ACM},
 address = {New York, NY, USA},
} 


@article{vakanski2012trajectory,
  author    = {Aleksandar Vakanski and
               Iraj Mantegh and
               Andrew Irish and
               Farrokh Janabi{-}Sharifi},
  title     = {Trajectory Learning for Robot Programming by Demonstration Using Hidden
               Markov Model and Dynamic Time Warping},
  journal   = {{IEEE} Trans. Systems, Man, and Cybernetics, Part {B}},
  volume    = {42},
  number    = {4},
  pages     = {1039--1052},
  year      = {2012},
  timestamp = {Wed, 09 Mar 2016 12:58:36 +0100},
  biburl    = {http://dblp.uni-trier.de/rec/bib/journals/tsmc/VakanskiMIJ12},
  bibsource = {dblp computer science bibliography, http://dblp.org}
}

@article{asfour2006imitation,
  author    = {Tamim Asfour and
               Pedram Azad and
               Florian Gyarfas and
               R{\"{u}}diger Dillmann},
  title     = {Imitation Learning of Dual-Arm Manipulation Tasks in Humanoid Robots},
  journal   = {I. J. Humanoid Robotics},
  volume    = {5},
  number    = {2},
  pages     = {183--202},
  year      = {2008},
  timestamp = {Thu, 24 Sep 2009 10:17:11 +0200},
  biburl    = {http://dblp.uni-trier.de/rec/bib/journals/ijhr/AsfourAGD08},
  bibsource = {dblp computer science bibliography, http://dblp.org}
}

@inproceedings{calinon2004stochastic,
  author    = {Sylvain Calinon and
               Aude Billard},
  title     = {Stochastic gesture production and recognition model for a humanoid
               robot},
  booktitle = {2004 {IEEE/RSJ} International Conference on Intelligent Robots and
               Systems, Sendai, Japan, September 28 - October 2, 2004},
  pages     = {2769--2774},
  year      = {2004},
  crossref  = {DBLP:conf/iros/2004},
  timestamp = {Mon, 21 Jan 2013 21:40:34 +0100},
  biburl    = {http://dblp.uni-trier.de/rec/bib/conf/iros/CalinonB04},
  bibsource = {dblp computer science bibliography, http://dblp.org}
}

@incollection{tao2013surgical,
  title={Surgical gesture segmentation and recognition},
  author={Tao, Lingling and Zappella, Luca and Hager, Gregory D and Vidal, Ren{\'e}},
  booktitle={Medical Image Computing and Computer-Assisted Intervention--MICCAI 2013},
  pages={339--346},
  year={2013},
  publisher={Springer}
}

@article{konidaris2011robot,
  title={Robot learning from demonstration by constructing skill trees},
  author={Konidaris, George and Kuindersma, Scott and Grupen, Roderic and Barto, Andrew},
  journal={The International Journal of Robotics Research},
  year={2011},
  publisher={SAGE Publications}
}

@article{kruger2010learning,
  title={Learning actions from observations},
  author={Kruger, Volker and Herzog, Dennis and Baby, Sanmohan and Ude, Ales and Kragic, Danica},
  journal={Robotics \& Automation Magazine, IEEE},
  volume={17},
  number={2},
  pages={30--43},
  year={2010},
  publisher={IEEE}
}

@article{calinon2010learning,
  title={Learning and reproduction of gestures by imitation},
  author={Calinon, Sylvain and D'halluin, Florent and Sauser, Eric L and Caldwell, Darwin G and Billard, Aude G},
  journal={Robotics \& Automation Magazine, IEEE},
  volume={17},
  number={2},
  pages={44--54},
  year={2010},
  publisher={IEEE}
}

@article{lin2006towards,
  title={Towards automatic skill evaluation: Detection and segmentation of robot-assisted surgical motions},
  author={Lin, Henry C and Shafran, Izhak and Yuh, David and Hager, Gregory D},
  journal={Computer Aided Surgery},
  volume={11},
  number={5},
  pages={220--230},
  year={2006},
  publisher={Taylor \& Francis}
}

@inproceedings{kruger2012imitation,
  title={Imitation learning of non-linear point-to-point robot motions using Dirichlet processes},
  author={Kr{\"u}ger, Volker and Tikhanoff, Vadim and Natale, Lorenzo and Sandini, Giulio},
  booktitle={Robotics and Automation (ICRA), 2012 IEEE International Conference on},
  pages={2029--2034},
  year={2012},
  organization={IEEE}
}


@inproceedings{calinon2014task,
  title={A task-parameterized probabilistic model with minimal intervention control},
  author={Calinon, Sylvain and Bruno, Danilo and Caldwell, Darwin G},
  booktitle={Robotics and Automation (ICRA), 2014 IEEE International Conference on},
  pages={3339--3344},
  year={2014},
}

@inproceedings{calinon2014skills,
  title={Skills learning in robots by interaction with users and environment},
  author={Calinon, Sylvain},
  booktitle={Ubiquitous Robots and Ambient Intelligence (URAI), 2014 11th International Conference on},
  pages={161--162},
  year={2014},
  organization={IEEE}
}

@inproceedings{keogh2001derivative,
  title={Derivative Dynamic Time Warping.},
  author={Keogh, Eamonn J and Pazzani, Michael J},
  year={2001},
  organization={SIAM}
}

@article{krishnan2016hirl,
  title={HIRL: Hierarchical Inverse Reinforcement Learning for Long-Horizon Tasks with Delayed Rewards},
  author={Krishnan, Sanjay and Garg, Animesh and Liaw, Richard and Miller, Lauren and Pokorny, Florian T and Goldberg, Ken},
  journal={arXiv preprint arXiv:1604.06508},
  year={2016}
}

@inproceedings{calinon2009handling,
  title={Handling of multiple constraints and motion alternatives in a robot programming by demonstration framework},
  author={Calinon, Sylvain and Halluin, Florent D and Caldwell, Darwin G and Billard, Aude G},
  booktitle={Humanoid Robots, 2009. Humanoids 2009. 9th IEEE-RAS International Conference on},
  pages={582--588},
  year={2009},
  organization={IEEE}
}

@inproceedings{tang2010toward,
  title={Toward robust learning of the Gaussian mixture state emission densities for hidden Markov models},
  author={Tang, Hao and Hasegawa-Johnson, Mark and Huang, Thomas S},
  booktitle={Acoustics Speech and Signal Processing (ICASSP), 2010 IEEE International Conference on},
  pages={5242--5245},
  year={2010},
  organization={IEEE}
}

@article{manschitz2015learning,
  title={Learning movement primitive attractor goals and sequential skills from kinesthetic demonstrations},
  author={Manschitz, Simon and Kober, Jens and Gienger, Michael and Peters, Jan},
  journal={Robotics and Autonomous Systems},
  year={2015},
  publisher={Elsevier}
}

@inproceedings{grollman2010incremental,
  title={Incremental learning of subtasks from unsegmented demonstration},
  author={Grollman, Daniel H and Jenkins, Odest Chadwicke},
  booktitle={Intelligent Robots and Systems (IROS), 2010 IEEE/RSJ International Conference on},
  pages={261--266},
  year={2010},
  organization={IEEE}
}

@inproceedings{kulic2008scaffolding,
  title={Scaffolding on-line segmentation of full body human motion patterns},
  author={Kuli{\'c}, Dana and Nakamura, Yoshihiko},
  booktitle={Intelligent Robots and Systems, 2008. IROS 2008. IEEE/RSJ International Conference on},
  pages={2860--2866},
  year={2008},
  organization={IEEE}
}



@misc{jhuarticle,
  title={Surgical Robot Precision},
  author={{Johns Hopkins}},
  url={http://eng.jhu.edu/wse/magazine-winter-14/print/surgical-precision},
  year={2014}
}


@misc{AnnualReport2014,
  title={Annual Report 2014},
  author={{Intuitive Surgical}},
  url={http://investor.intuitivesurgical.com/phoenix.zhtml?c=122359&p=irol-IRHome},
  year={2014}
}%describes surgeries and numbers of successes/failures

@inproceedings{murali2016,
  title={TSC-DL: Unsupervised Trajectory Segmentation of Multi-Modal Surgical Demonstrations with Deep Learning},
  author={Adithyavairavan Murali and Animesh Garg and Sanjay Krishnan and
Florian T. Pokorny and Pieter Abbeel and Trevor Darrell and Ken Goldberg},
  booktitle={ICRA Conference},
  year={2016}
}

@inproceedings{krishnan2015transition,
  title={Transition state clustering: Unsupervised surgical trajectory segmentation for robot learning},
  author={Krishnan, Sanjay and Garg, Animesh and Patil, Sachin and Lea, Colin and Hager, Gregory and Abbeel, Pieter and Goldberg, Ken},
  booktitle={{ISRR}},
  year={2015}
}

@article{tibshirani2014adaptive,
  title={Adaptive piecewise polynomial estimation via trend filtering},
  author={Tibshirani, Ryan J and others},
  journal={The Annals of Statistics},
  volume={42},
  number={1},
  pages={285--323},
  year={2014},
  publisher={Institute of Mathematical Statistics}
}

@article{khansari2011learning,
  title={Learning stable nonlinear dynamical systems with gaussian mixture models},
  author={Khansari-Zadeh, Mohammad and Billard, Aude},
  journal={Robotics, IEEE Transactions on},
  volume={27},
  number={5},
  pages={943--957},
  year={2011},
  publisher={IEEE}
}

@inproceedings{DBLP:conf/nips/GhahramaniJ93,
  author    = {Zoubin Ghahramani and
               Michael I. Jordan},
  title     = {Supervised learning from incomplete data via an {EM} approach},
  booktitle = {Advances in Neural Information Processing Systems 6, [7th {NIPS} Conference,
               Denver, Colorado, USA, 1993]},
  pages     = {120--127},
  year      = {1993},
  crossref  = {DBLP:conf/nips/1993},
  timestamp = {Thu, 11 Dec 2014 17:34:08 +0100},
  bibsource = {dblp computer science bibliography, http://dblp.org}
}

@article{tanwani2015learning,
  title={Learning Robot Manipulation Tasks with Task-Parameterized Semi-Tied Hidden Semi-Markov Model},
  author={Tanwani, Ajay Kumar and Calinon, Sylvain},
  year={2015},
  booktitle={IEEE RA-L}
}

@inproceedings{sung2012trajectory,
  title={Trajectory clustering for motion prediction},
  author={Sung, Cynthia and Feldman, Dan and Rus, Daniela},
  booktitle={Intelligent Robots and Systems (IROS), 2012 IEEE/RSJ International Conference on},
  pages={1547--1552},
  year={2012},
  organization={IEEE}
}

@inproceedings{volkov2015coresets,
  title={Coresets for visual summarization with applications to loop closure},
  author={Volkov, Mikhail and Rosman, Guy and Feldman, Dan and Fisher, John W and Rus, Daniela},
  booktitle={Robotics and Automation (ICRA), 2015 IEEE International Conference on},
  pages={3638--3645},
  year={2015},
  organization={IEEE}
}

@article{wang2008gaussian,
  title={Gaussian process dynamical models for human motion},
  author={Wang, Jack M and Fleet, David J and Hertzmann, Aaron},
  journal={Pattern Analysis and Machine Intelligence, IEEE Transactions on},
  volume={30},
  number={2},
  pages={283--298},
  year={2008},
  publisher={IEEE}
}

@article{saeedi2016segmented,
  title={The Segmented iHMM: A Simple, Efficient Hierarchical Infinite HMM},
  author={Saeedi, Ardavan and Hoffman, Matthew and Johnson, Matthew and Adams, Ryan},
  journal={arXiv preprint arXiv:1602.06349},
  year={2016}
}

@inproceedings{wu2015watch,
  title={Watch-n-patch: Unsupervised understanding of actions and relations},
  author={Wu, Chenxia and Zhang, Jiemi and Savarese, Silvio and Saxena, Ashutosh},
  booktitle={Proceedings of the IEEE Conference on Computer Vision and Pattern Recognition},
  pages={4362--4370},
  year={2015}
}

@inproceedings{fox2009sharing,
  title={Sharing features among dynamical systems with beta processes},
  author={Fox, Emily and Jordan, Michael I and Sudderth, Erik B and Willsky, Alan S},
  booktitle={Advances in Neural Information Processing Systems},
  pages={549--557},
  year={2009}
}

@inproceedings{rosman2014coresets,
  title={Coresets for k-segmentation of streaming data},
  author={Rosman, Guy and Volkov, Mikhail and Feldman, Dan and Fisher III, John W and Rus, Daniela},
  booktitle={Advances in Neural Information Processing Systems},
  pages={559--567},
  year={2014}
}

@inproceedings{padoy2009workflow,
  title={Workflow monitoring based on 3d motion features},
  author={Padoy, Nicolas and Mateus, Diana and Weinland, Daniel and Berger, M-O and Navab, Nassir},
  booktitle={Computer Vision Workshops (ICCV Workshops), 2009 IEEE 12th International Conference on},
  pages={585--592},
  year={2009},
  organization={IEEE}
}

@inproceedings{ude2014orientation,
  title={Orientation in cartesian space dynamic movement primitives},
  author={Ude, Ale{\v{s}} and Nemec, Bojan and Petri{\'c}, Tadej and Morimoto, Jun},
  booktitle={Robotics and Automation (ICRA), 2014 IEEE International Conference on},
  pages={2997--3004},
  year={2014},
  organization={IEEE}
}

@inproceedings{singh92a,
  author    = {Satinder P. Singh},
  title     = {Reinforcement Learning with a Hierarchy of Abstract Models},
  booktitle = {{NCAI}},
  pages     = {202--207},
  year      = {1992},
  crossref  = {DBLP:conf/aaai/1992},
  timestamp = {Tue, 11 Dec 2012 17:40:42 +0100},
  biburl    = {http://dblp.uni-trier.de/rec/bib/conf/aaai/Singh92},
  bibsource = {dblp computer science bibliography, http://dblp.org}
}

@inproceedings{singh92b,
  author    = {Satinder P. Singh},
  title     = {Scaling Reinforcement Learning Algorithms by Learning Variable Temporal
               Resolution Models},
  booktitle = {{IWML}},
  pages     = {406--415},
  year      = {1992},
  crossref  = {DBLP:conf/icml/1992},
  timestamp = {Wed, 04 Dec 2002 15:40:32 +0100},
  biburl    = {http://dblp.uni-trier.de/rec/bib/conf/icml/Singh92},
  bibsource = {dblp computer science bibliography, http://dblp.org}
}

@inproceedings{kulkarni2016hierarchical,
  title={Hierarchical deep reinforcement learning: Integrating temporal abstraction and intrinsic motivation},
  author={Kulkarni, Tejas D and Narasimhan, Karthik and Saeedi, Ardavan and Tenenbaum, Josh},
  booktitle={{NIPS}},
  pages={3675--3683},
  year={2016}
}

@article{heess2016learning,
  title={Learning and Transfer of Modulated Locomotor Controllers},
  author={Heess, Nicolas and Wayne, Greg and Tassa, Yuval and Lillicrap, Timothy and Riedmiller, Martin and Silver, David},
  journal={arXiv preprint arXiv:1610.05182},
  year={2016}
}

@inproceedings{kaelbling93,
  author    = {Leslie Pack Kaelbling},
  title     = {Hierarchical Learning in Stochastic Domains: Preliminary Results},
  booktitle = {{ICML}},
  pages     = {167--173},
  year      = {1993},
  crossref  = {DBLP:conf/icml/1993},
  timestamp = {Fri, 23 Dec 2011 14:54:21 +0100},
  biburl    = {http://dblp.uni-trier.de/rec/bib/conf/icml/Kaelbling93},
  bibsource = {dblp computer science bibliography, http://dblp.org}
}

@inproceedings{dayanH92,
  author    = {Peter Dayan and
               Geoffrey E. Hinton},
  title     = {Feudal Reinforcement Learning},
  booktitle = {{NIPS}},
  pages     = {271--278},
  year      = {1992},
  crossref  = {DBLP:conf/nips/1992},
  timestamp = {Thu, 11 Dec 2014 17:34:08 +0100},
  bibsource = {dblp computer science bibliography, http://dblp.org}
}

@inproceedings{thrunS94,
  author    = {Sebastian Thrun and
               Anton Schwartz},
  title     = {Finding Structure in Reinforcement Learning},
  booktitle = {{NIPS}},
  pages     = {385--392},
  year      = {1994},
  crossref  = {DBLP:conf/nips/1994},

  timestamp = {Thu, 11 Dec 2014 17:34:08 +0100},
  biburl    = {http://dblp.uni-trier.de/rec/bib/conf/nips/ThrunS94},
  bibsource = {dblp computer science bibliography, http://dblp.org}
}

@article{huberG97,
  author    = {Manfred Huber and
               Roderic A. Grupen},
  title     = {A feedback control structure for on-line learning tasks},
  journal   = {Robotics and Autonomous Systems},
  volume    = {22},
  number    = {3-4},
  pages     = {303--315},
  year      = {1997},
  doi       = {10.1016/S0921-8890(97)00044-4},
  timestamp = {Wed, 29 Mar 2006 11:03:09 +0200},
  biburl    = {http://dblp.uni-trier.de/rec/bib/journals/ras/HuberG97},
  bibsource = {dblp computer science bibliography, http://dblp.org}
}

@article{sermanet2016unsupervised,
  title={Unsupervised Perceptual Rewards for Imitation Learning},
  author={Sermanet, Pierre and Xu, Kelvin and Levine, Sergey},
  journal={arXiv preprint arXiv:1612.06699},
  year={2016}
}

@inproceedings{dietterich98,
  author    = {Thomas G. Dietterich},
  title     = {The {MAXQ} Method for Hierarchical Reinforcement Learning},
  booktitle = {{ICML}},
  pages     = {118--126},
  year      = {1998},
  crossref  = {DBLP:conf/icml/1998},
  timestamp = {Thu, 30 Jun 2011 10:34:12 +0200},
  bibsource = {dblp computer science bibliography, http://dblp.org}
}

@article{sygnowski2016learning,
  title={Learning from the memory of {A}tari 2600},
  author={Sygnowski, Jakub and Michalewski, Henryk},
  journal={arXiv preprint arXiv:1605.01335},
  year={2016}
}

@inproceedings{parrR97,
  author    = {Ronald Parr and
               Stuart J. Russell},
  title     = {Reinforcement Learning with Hierarchies of Machines},
  booktitle = {{NIPS}},
  pages     = {1043--1049},
  year      = {1997},
  crossref  = {DBLP:conf/nips/1997},
  timestamp = {Thu, 11 Dec 2014 17:34:08 +0100},
  biburl    = {http://dblp.uni-trier.de/rec/bib/conf/nips/ParrR97},
  bibsource = {dblp computer science bibliography, http://dblp.org}
}

@article{suttonPS99,
  author    = {Richard S. Sutton and
               Doina Precup and
               Satinder P. Singh},
  title     = {Between {MDP}s and Semi-{MDP}s: {A} Framework for Temporal Abstraction
               in Reinforcement Learning},
  journal   = {{AI}},
  volume    = {112},
  number    = {1-2},
  pages     = {181--211},
  year      = {1999},
  doi       = {10.1016/S0004-3702(99)00052-1},
  timestamp = {Wed, 19 Nov 2003 16:01:19 +0100},
  biburl    = {http://dblp.uni-trier.de/rec/bib/journals/ai/SuttonPS99},
  bibsource = {dblp computer science bibliography, http://dblp.org}
}

@article{barto03,
  author    = {Andrew G. Barto and
               Sridhar Mahadevan},
  title     = {Recent Advances in Hierarchical Reinforcement Learning},
  journal   = {Discrete Event Dynamic Systems},
  volume    = {13},
  number    = {1-2},
  pages     = {41--77},
  year      = {2003},
  doi       = {10.1023/A:1022140919877},
  timestamp = {Wed, 28 May 2008 10:18:56 +0200},
  biburl    = {http://dblp.uni-trier.de/rec/bib/journals/deds/BartoM03},
  bibsource = {dblp computer science bibliography, http://dblp.org}
}

@inproceedings{DBLP:conf/aaai/maesB90,
  author    = {Pattie Maes and
               Rodney A. Brooks},
  title     = {Learning to Coordinate Behaviors},
  booktitle = {{NCAI}},
  pages     = {796--802},
  year      = {1990},
  crossref  = {DBLP:conf/aaai/1990},
  timestamp = {Tue, 11 Dec 2012 17:40:41 +0100},
  biburl    = {http://dblp.uni-trier.de/rec/bib/conf/aaai/MaesB90},
  bibsource = {dblp computer science bibliography, http://dblp.org}
}

@article{brooks86,
  author    = {Rodney A. Brooks},
  title     = {A robust layered control system for a mobile robot},
  journal   = {{IEEE} J. Robotics and Automation},
  volume    = {2},
  number    = {1},
  pages     = {14--23},
  year      = {1986},
  doi       = {10.1109/JRA.1986.1087032},
  timestamp = {Wed, 09 Mar 2016 15:52:07 +0100},
  biburl    = {http://dblp.uni-trier.de/rec/bib/journals/trob/Brooks86},
  bibsource = {dblp computer science bibliography, http://dblp.org}
}

@inproceedings{mcgovernB01,
  author    = {Amy McGovern and
               Andrew G. Barto},
  title     = {Automatic Discovery of Subgoals in Reinforcement Learning using Diverse
               Density},
  booktitle = {{ICML}},
  pages     = {361--368},
  year      = {2001},
  crossref  = {DBLP:conf/icml/2001},
  timestamp = {Wed, 27 Nov 2002 10:53:35 +0100},
  biburl    = {http://dblp.uni-trier.de/rec/bib/conf/icml/McGovernB01},
  bibsource = {dblp computer science bibliography, http://dblp.org}
}



@article{konidarisKGB12,
  author    = {George Konidaris and
               Scott Kuindersma and
               Roderic A. Grupen and
               Andrew G. Barto},
  title     = {Robot learning from demonstration by constructing skill trees},
  journal   = {{IJRR}},
  volume    = {31},
  number    = {3},
  pages     = {360--375},
  year      = {2012},
  doi       = {10.1177/0278364911428653},
  timestamp = {Wed, 10 Aug 2016 16:37:48 +0200},
  biburl    = {http://dblp.uni-trier.de/rec/bib/journals/ijrr/KonidarisKGB12},
  bibsource = {dblp computer science bibliography, http://dblp.org}
}


@phdthesis{parr98,
  title={Hierarchical control and learning for Markov decision processes},
  author={Parr, Ronald Edward},
  year={1998},
  school={UNIVERSITY of CALIFORNIA at BERKELEY}
}

@article{dietterich00,
  title={Hierarchical reinforcement learning with the {MAXQ} value function decomposition},
  author={Dietterich, Thomas G},
  journal={{JAIR}},
  volume={13},
  pages={227--303},
  year={2000}
}

@article{buiVW02,
  title={Policy recognition in the abstract hidden {M}arkov model},
  author={Bui, Hung Hai and Venkatesh, Svetha and West, Geoff},
  journal={{JAIR}},
  volume={17},
  pages={451--499},
  year={2002}
}

@inproceedings{hengst02,
  title={Discovering hierarchy in reinforcement learning with {HEXQ}},
  author={Hengst, Bernhard},
  booktitle={{ICML}},
  volume={2},
  pages={243--250},
  year={2002}
}

@inproceedings{menacheMS02,
  title={Q-cut---dynamic discovery of sub-goals in reinforcement learning},
  author={Menache, Ishai and Mannor, Shie and Shimkin, Nahum},
  booktitle={{ECML}},
  pages={295--306},
  year={2002},
  organization={Springer}
}

@inproceedings{simsekB04,
  title={Using relative novelty to identify useful temporal abstractions in reinforcement learning},
  author={{\c{S}}im{\c{s}}ek, {\"O}zg{\"u}r and Barto, Andrew G},
  booktitle={{ICML}},
  pages={95},
  year={2004},
  organization={ACM}
}

@phdthesis{stolle04,
  title={Automated discovery of options in reinforcement learning},
  author={Stolle, Martin},
  year={2004},
  school={McGill University}
}

@article{whitenFBL06,
  title={Imitation of hierarchical action structure by young children},
  author={Whiten, Andrew and Flynn, Emma and Brown, Katy and Lee, Tanya},
  journal={Developmental science},
  volume={9},
  number={6},
  pages={574--582},
  year={2006},
  publisher={Wiley Online Library}
}

@inproceedings{kolterAN07,
  title={Hierarchical Apprenticeship Learning with Application to Quadruped Locomotion},
  author={Kolter, J Zico and Abbeel, Pieter and Ng, Andrew Y},
  booktitle={NIPS},
  volume={20},
  year={2007}
}

@inproceedings{konidarisB07,
  title={Building Portable Options: Skill Transfer in Reinforcement Learning},
  author={Konidaris, George and Barto, Andrew G},
  booktitle={IJCAI},
  volume={7},
  pages={895--900},
  year={2007}
}

@article{botvinick08,
  title={Hierarchical models of behavior and prefrontal function},
  author={Botvinick, Matthew M},
  journal={Trends in cognitive sciences},
  volume={12},
  number={5},
  pages={201--208},
  year={2008},
  publisher={Elsevier}
}

@inproceedings{konidarisB09,
  title={Skill discovery in continuous reinforcement learning domains using skill chaining},
  author={Konidaris, George and Barto, Andrew G},
  booktitle={{NIPS}},
  pages={1015--1023},
  year={2009}
}

@article{zacksKEH11,
  title={Prediction error associated with the perceptual segmentation of naturalistic events},
  author={Zacks, Jeffrey M and Kurby, Christopher A and Eisenberg, Michelle L and Haroutunian, Nayiri},
  journal={Journal of Cognitive Neuroscience},
  volume={23},
  number={12},
  pages={4057--4066},
  year={2011},
  publisher={MIT Press}
}

@article{solway2014optimal,
  title={Optimal behavioral hierarchy},
  author={Solway, Alec and Diuk, Carlos and C{\'o}rdova, Natalia and Yee, Debbie and Barto, Andrew G and Niv, Yael and Botvinick, Matthew M},
  journal={PLOS Comput Biol},
  volume={10},
  number={8},
  pages={e1003779},
  year={2014},
  publisher={Public Library of Science}
}

@inproceedings{baconP15,
  title={Learning with options: Just deliberate and relax},
  author={Bacon, Pierre-Luc and Precup, Doina},
  booktitle={NIPS Bounded Optimality and Rational Metareasoning Workshop},
  year={2015}
}

@article{geneweinLGB15,
  title={Bounded rationality, abstraction, and hierarchical decision-making: An information-theoretic optimality principle},
  author={Genewein, Tim and Leibfried, Felix and Grau-Moya, Jordi and Braun, Daniel Alexander},
  journal={Frontiers in Robotics and AI},
  volume={2},
  pages={27},
  year={2015},
  publisher={Frontiers}
}

@inproceedings{hamidiTGF15,
  title={Active Imitation Learning of Hierarchical Policies.},
  author={Hamidi, Mandana and Tadepalli, Prasad and Goetschalckx, Robby and Fern, Alan},
  booktitle={IJCAI},
  pages={3554--3560},
  year={2015}
}

@article{foxMT16,
  title={Principled Option Learning in {M}arkov Decision Processes},
  author={Fox, Roy and Moshkovitz, Michal and Tishby, Naftali},
  journal={arXiv preprint arXiv:1609.05524},
  year={2016}
}

@article{jonssonG16,
  title={Hierarchical linearly-solvable {M}arkov decision problems},
  author={Jonsson, Anders and G{\'o}mez, Vicen{\c{c}}},
  journal={arXiv preprint arXiv:1603.03267},
  year={2016}
}

@article{lakshminarayananKKR16,
  title={Option Discovery in Hierarchical Reinforcement Learning using Spatio-Temporal Clustering},
  author={Lakshminarayanan, Aravind S and Krishnamurthy, Ramnandan and Kumar, Peeyush and Ravindran, Balaraman},
  journal={arXiv preprint arXiv:1605.05359},
  year={2016}
}

@unpublished{liaw17composing,
  title={Composing Meta-Policies for Autonomous Driving Using Hierarchical Deep Reinforcement Learning},
  author={Liaw, Richard and Krishnan, Sanjay and Garg, Animesh and Crankshaw, Daniel and Gonzalez, Joseph E and Goldberg, Ken},
  year={2017}
}

@inproceedings{levyS11,
  title={Unified inter and intra options learning using policy gradient methods},
  author={Levy, Kfir Y and Shimkin, Nahum},
  booktitle={European Workshop on Reinforcement Learning},
  pages={153--164},
  year={2011},
  organization={Springer}
}

@article{baconHP16,
  title={The option-critic architecture},
  author={Bacon, Pierre-Luc and Harb, Jean and Precup, Doina},
  journal={arXiv preprint arXiv:1609.05140},
  year={2016}
}

@article{danielVPN16,
  title={Probabilistic inference for determining options in reinforcement learning},
  author={Daniel, Christian and Van Hoof, Herke and Peters, Jan and Neumann, Gerhard},
  journal={Machine Learning},
  volume={104},
  number={2-3},
  pages={337--357},
  year={2016},
  publisher={Springer}
}

@inproceedings{kulkarniNST16,
  title={Hierarchical deep reinforcement learning: Integrating temporal abstraction and intrinsic motivation},
  author={Kulkarni, Tejas D and Narasimhan, Karthik and Saeedi, Ardavan and Tenenbaum, Josh},
  booktitle={{NIPS}},
  pages={3675--3683},
  year={2016}
}


@inproceedings{florensaDA17,
  title={Stochastic neural networks for hierarchical reinforcement learning},
  author={Florensa, Carlos and Duan, Yan and Abbeel, Pieter},
  booktitle={{ICLR}},
  year={2017}
}


@inproceedings{sharmaLR17,
  title={Learning to repeat: Fine grained action repetition for deep reinforcement learning},
  author={Sharma, Sahil and Lakshminarayanan, Aravind S. and Ravindran, Balaraman},
  booktitle={{ICLR}},
  year={2017}
}

@article{watkins1992q,
  title={Q-learning},
  author={Watkins, Christopher JCH and Dayan, Peter},
  journal={Machine learning},
  volume={8},
  number={3-4},
  pages={279--292},
  year={1992},
  publisher={Springer}
}

@book{sutton1998reinforcement,
  title={Reinforcement learning: An introduction},
  author={Sutton, Richard S and Barto, Andrew G},
  volume={1},
  number={1},
  year={1998},
  publisher={MIT press Cambridge}
}

@article{mnih2015human,
  title={Human-level control through deep reinforcement learning},
  author={Mnih, Volodymyr and Kavukcuoglu, Koray and Silver, David and Rusu, Andrei A and Veness, Joel and Bellemare, Marc G and Graves, Alex and Riedmiller, Martin and Fidjeland, Andreas K and Ostrovski, Georg and others},
  journal={Nature},
  volume={518},
  number={7540},
  pages={529--533},
  year={2015},
  publisher={Nature Research}
}

@inproceedings{schaul2015universal,
  title={Universal value function approximators},
  author={Schaul, Tom and Horgan, Daniel and Gregor, Karol and Silver, David},
  booktitle={{ICML}},
  pages={1312--1320},
  year={2015}
}

@article{baum1972equality,
  title={An equality and associated maximization technique in statistical estimation for probabilistic functions of Markov processes},
  author={Baum, Leonard E},
  journal={Inequalities},
  volume={3},
  pages={1--8},
  year={1972}
}

@inproceedings{salakhutdinov2003optimization,
  title={Optimization with {EM} and expectation-conjugate-gradient},
  author={Salakhutdinov, Ruslan and Roweis, Sam and Ghahramani, Zoubin},
  booktitle={{ICML}},
  pages={672--679},
  year={2003}
}

@book{mclachlan2007algorithm,
  title={The {EM} algorithm and extensions},
  author={McLachlan, Geoffrey and Krishnan, Thriyambakam},
  volume={382},
  year={2007},
  publisher={John Wiley \& Sons}
}
