% scibib.bib

% This is the .bib file used to compile the document "A simple Science
% template" (scifile.tex).  It is not intended as an example of how to
% set up your BibTeX file.

@book{bellman2013dynamic,
  title={Dynamic programming},
  author={Bellman, Richard},
  year={1957},
  publisher={Princeton University Press}
}

@article{james2017transferring,
  title={Transferring end-to-end visuomotor control from simulation to real world for a multi-stage task},
  author={James, Stephen and Davison, Andrew J and Johns, Edward},
  journal={arXiv preprint arXiv:1707.02267},
  year={2017}
}

@article{silver2017mastering,
  title={Mastering the game of go without human knowledge},
  author={Silver, David and Schrittwieser, Julian and Simonyan, Karen and Antonoglou, Ioannis and Huang, Aja and Guez, Arthur and Hubert, Thomas and Baker, Lucas and Lai, Matthew and Bolton, Adrian and others},
  journal={Nature},
  volume={550},
  number={7676},
  pages={354},
  year={2017},
  publisher={Nature Publishing Group}
}

@inproceedings{duan2017one,
  title={One-shot imitation learning},
  author={Duan, Yan and Andrychowicz, Marcin and Stadie, Bradly and Ho, OpenAI Jonathan and Schneider, Jonas and Sutskever, Ilya and Abbeel, Pieter and Zaremba, Wojciech},
  booktitle={Advances in neural information processing systems},
  pages={1087--1098},
  year={2017}
}

@article{wu2018watch,
  title={Watch-n-patch: unsupervised learning of actions and relations},
  author={Wu, Chenxia and Zhang, Jiemi and Sener, Ozan and Selman, Bart and Savarese, Silvio and Saxena, Ashutosh},
  journal={IEEE transactions on pattern analysis and machine intelligence},
  volume={40},
  number={2},
  pages={467--481},
  year={2018},
  publisher={IEEE}
}

@article{stadie2017third,
  title={Third-person imitation learning},
  author={Stadie, Bradly C and Abbeel, Pieter and Sutskever, Ilya},
  journal={arXiv preprint arXiv:1703.01703},
  year={2017}
}

@article{sermanet2017time,
  title={Time-contrastive networks: Self-supervised learning from multi-view observation},
  author={Sermanet, Pierre and Lynch, Corey and Hsu, Jasmine and Levine, Sergey},
  journal={arXiv preprint arXiv:1704.06888},
  year={2017}
}

@inproceedings{ng2000algorithms,
  title={Algorithms for inverse reinforcement learning.},
  author={Ng, Andrew Y and Russell, Stuart J and others},
  booktitle={Icml},
  pages={663--670},
  year={2000}
}

@inproceedings{ziebart2008maximum,
  title={Maximum Entropy Inverse Reinforcement Learning.},
  author={Ziebart, Brian D and Maas, Andrew L and Bagnell, J Andrew and Dey, Anind K},
  booktitle={AAAI},
  volume={8},
  pages={1433--1438},
  year={2008},
  organization={Chicago, IL, USA}
}

@incollection{abbeel2011inverse,
  title={Inverse reinforcement learning},
  author={Abbeel, Pieter and Ng, Andrew Y},
  booktitle={Encyclopedia of machine learning},
  pages={554--558},
  year={2011},
  publisher={Springer}
}

@article{mnih2015human,
  title={Human-level control through deep reinforcement learning},
  author={Mnih, Volodymyr and Kavukcuoglu, Koray and Silver, David and Rusu, Andrei A and Veness, Joel and Bellemare, Marc G and Graves, Alex and Riedmiller, Martin and Fidjeland, Andreas K and Ostrovski, Georg and others},
  journal={Nature},
  volume={518},
  year={2015},
  publisher={Nature Publishing Group}
}

@article{kalman1960contributions,
  title={Contributions to the theory of optimal control},
  author={Kalman, Rudolf Emil and others},
  journal={Bol. Soc. Mat. Mexicana},
  volume={5},
  number={2},
  pages={102--119},
  year={1960}
}

@inproceedings{bellemare2016unifying,
  title={Unifying count-based exploration and intrinsic motivation},
  author={Bellemare, Marc and Srinivasan, Sriram and Ostrovski, Georg and Schaul, Tom and Saxton, David and Munos, Remi},
  booktitle={Advances in Neural Information Processing Systems},
  pages={1471--1479},
  year={2016}
}

@inproceedings{menon2013machine,
  title={A machine learning framework for programming by example},
  author={Menon, Aditya and Tamuz, Omer and Gulwani, Sumit and Lampson, Butler and Kalai, Adam},
  booktitle={International Conference on Machine Learning},
  pages={187--195},
  year={2013}
}

@book{sutton1998reinforcement,
  title={Reinforcement learning: An introduction},
  author={Sutton, Richard S and Barto, Andrew G},
  volume={1},
  number={1},
  year={1998},
  publisher={MIT press Cambridge}
}

@inproceedings{augugliaro2012generation,
  title={Generation of collision-free trajectories for a quadrocopter fleet: A sequential convex programming approach},
  author={Augugliaro, Federico and Schoellig, Angela P and D'Andrea, Raffaello},
  booktitle={Intelligent Robots and Systems (IROS), 2012 IEEE/RSJ International Conference on},
  pages={1917--1922},
  year={2012},
  organization={IEEE}
}


@inproceedings{li2004iterative,
  title={Iterative linear quadratic regulator design for nonlinear biological movement systems.},
  author={Li, Weiwei and Todorov, Emanuel},
  booktitle={ICINCO (1)},
  pages={222--229},
  year={2004}
}

@book{bertsekas1995dynamic,
  title={Dynamic programming and optimal control},
  author={Bertsekas, Dimitri P},
  volume={1},
  number={2},
  year={1995},
  publisher={Athena scientific Belmont, MA}
}

@article{mirhoseini2017device,
  title={Device placement optimization with reinforcement learning},
  author={Mirhoseini, Azalia and Pham, Hieu and Le, Quoc V and Steiner, Benoit and Larsen, Rasmus and Zhou, Yuefeng and Kumar, Naveen and Norouzi, Mohammad and Bengio, Samy and Dean, Jeff},
  journal={arXiv preprint arXiv:1706.04972},
  year={2017}
}

@inproceedings{bertsekas1995neuro,
  title={Neuro-dynamic programming: an overview},
  author={Bertsekas, Dimitri P and Tsitsiklis, John N},
  booktitle={Decision and Control, 1995., Proceedings of the 34th IEEE Conference on},
  volume={1},
  pages={560--564},
  year={1995},
  organization={IEEE}
}

@article{mania2018simple,
  title={Simple random search provides a competitive approach to reinforcement learning},
  author={Mania, Horia and Guy, Aurelia and Recht, Benjamin},
  journal={arXiv preprint arXiv:1803.07055},
  year={2018}
}

@article{howard1966dynamic,
  title={Dynamic programming},
  author={Howard, Ronald A},
  journal={Management Science},
  volume={12},
  number={5},
  pages={317--348},
  year={1966},
  publisher={INFORMS}
}

@article{sunderhauf2018limits,
  title={The limits and potentials of deep learning for robotics},
  author={S{\"u}nderhauf, Niko and Brock, Oliver and Scheirer, Walter and Hadsell, Raia and Fox, Dieter and Leitner, J{\"u}rgen and Upcroft, Ben and Abbeel, Pieter and Burgard, Wolfram and Milford, Michael and others},
  journal={The International Journal of Robotics Research},
  volume={37},
  number={4-5},
  pages={405--420},
  year={2018},
  publisher={SAGE Publications Sage UK: London, England}
}

@misc{tth, note = "The package is TTH, available at
http://hutchinson.belmont.ma.us/tth/ ."}

@misc{use2e, note = "As the mark-up of the \TeX\ source for this
document makes clear, your file should be coded in \LaTeX
2${\varepsilon}$, not \LaTeX\ 2.09 or an earlier release.  Also,
please use the \texttt{article} document class."}

@misc{inclme, note="Among whom are the author of this document.  The
``real'' references and notes contained herein were compiled using
B{\small{IB}}\TeX\ from the sample .bib file \texttt{scibib.bib}, the style
package \texttt{scicite.sty}, and the bibliography style file
\texttt{Science.bst}."}


@misc{nattex, note="One of the equation editors we use, Equation Magic
(MicroPress Inc., Forest Hills, NY; http://www.micropress-inc.com/),
interprets native \TeX\ source code and generates an equation as an
OLE picture object that can then be cut and pasted directly into Word.
This editor, however, does not handle \LaTeX\ environments (such as
\texttt{\{array\}} or \texttt{\{eqnarray\}}); it can interpret only
\TeX\ codes.  Thus, when there's a choice, we ask that you avoid these
\LaTeX\ calls in displayed math --- for example, that you use the
\TeX\ \verb+\matrix+ command for ordinary matrices, rather than the
\LaTeX\ \texttt{\{array\}} environment."}








