@article{ibaraki1984optimal,
  title={On the optimal nesting order for computing n-relational joins},
  author={Ibaraki, Toshihide and Kameda, Tiko},
  journal={ACM Transactions on Database Systems (TODS)},
  volume={9},
  number={3},
  pages={482--502},
  year={1984},
  publisher={ACM}
}

@article{hester2017deep,
  title={Deep Q-learning from Demonstrations},
  author={Hester, Todd and Vecerik, Matej and Pietquin, Olivier and Lanctot, Marc and Schaul, Tom and Piot, Bilal and Horgan, Dan and Quan, John and Sendonaris, Andrew and Dulac-Arnold, Gabriel and others},
  journal={arXiv preprint arXiv:1704.03732},
  year={2017}
}