% This file was created with JabRef 2.10.
% Encoding: UTF8


@String { biorob = {Int. Conf. Biomedical Robotics and Biomechatronics (BioRob)} }
@String { icra   = {{ICRA}} }
@String { ijrr   = {Int. Journal of Robotics Research} }
@String { iros   = {IEEE/RSJ Int. Conf. on Intelligent Robots and Systems (IROS)} }
@String { isrr   = {Int. Symp. on Robotics Research (ISRR)} }
@String { jra    = {IEEE Journal of Robotics and Automation} }
@String { rss    = {Robotics: Science and Systems (RSS)} }
@String { tra    = {IEEE Trans. on Robotics and Automation} }
@String { tro    = {IEEE Trans. on Robotics} }
@String { wafr   = {Proc. Workshop Algorithmic Foundations of Robotics (WAFR)} }

@Article{Adler1997,
  Title                    = {{The Cyberknife: A Frameless Robotic System for Radiosurgery}},
  Author                   = {Adler Jr, J.R. and Chang, S.D. and Murphy, M.J. and Doty, J. and Geis, P. and Hancock, S.L.},
  Journal                  = {Stereotactic and functional neurosurgery},
  Year                     = {1997},
  Number                   = {1-4},
  Pages                    = {124--128},
  Volume                   = {69}
}

@InCollection{Anvari2014,
  Title                    = {{The Future of Robotic Platforms}},
  Author                   = {Anvari, Mehran},
  Booktitle                = {Robotics in General Surgery},
  Year                     = {2014},
  Pages                    = {485--497}
}

@Article{argall2009survey,
  Title                    = {{A Survey of Robot Learning from Demonstration}},
  Author                   = {Argall, Brenna D and Chernova, Sonia and Veloso, Manuela and Browning, Brett},
  Journal                  = {Robotics and Autonomous Systems},
  Year                     = {2009},
  bib-Number                   = {5},
  bib-Pages                    = {469--483},
  bib-Volume                   = {57},
  Publisher                = {Elsevier}
}

@Article{Attinger2000_CPMS,
  Title                    = {{Surgical Debridement: The Key to Successful Wound Healing and Reconstruction}},
  Author                   = {Attinger, Christopher E and Bulan, Erwin and Blume, Peter A},
  Journal                  = {Clinics in podiatric medicine and surgery},
  Year                     = {2000},
  Number                   = {4},
  Pages                    = {599},
  Volume                   = {17}
}

@Article{Ballantyne2003,
  Title                    = {{The da Vinci Telerobotic Surgical System: The Virtual Operative Field and Telepresence Surgery}},
  Author                   = {Ballantyne, G.H. and Moll, F.},
  Journal                  = {Surgical Clinics of North America},
  Year                     = {2003},
  Number                   = {6},
  Pages                    = {1293--1304},
  Volume                   = {83}
}

@Article{Bargar1998,
  Title                    = {{Primary and Revision Total Hip Replacement using the Robodoc System}},
  Author                   = {Bargar, W.L. and Bauer, A. and B{\"o}rner, M.},
  Journal                  = {Clinical orthopaedics and related research},
  Year                     = {1998},
  Pages                    = {82--91},
  Volume                   = {354}
}

@Article{Beasley2012,
  Title                    = {{Medical Robots: Current Systems and Research Directions}},
  Author                   = {Beasley, Ryan A},
  Journal                  = {Journal of Robotics},
  Year                     = {2012},
  bib-Volume                   = {2012}
}

@Article{Bergeles2014,
  Title                    = {{From Passive Tool Holders to Microsurgeons: Safer, Smaller, Smarter Surgical Robots}},
  Author                   = {Bergeles, Christos and Yang, G},
  Journal                  = {IEEE Trans. on Biomedical Engineering},
  Year                     = {2014},
  Pages                    = {1565--1576},
  Volume                   = {61},
  Issue                    = {5},
  Publisher                = {IEEE}
}

@InProceedings{Billings2012,
  Title                    = {{System for Robot-Assisted Real-Time Laparoscopic Ultrasound Elastography}},
  Author                   = {Billings, S. and Deshmukh, N. and Kang, H.J. and Taylor, R. and Boctor, E.M.},
  Booktitle                = {SPIE Medical Imaging},
  Year                     = {2012}
}

@InProceedings{Cleary2001,
  Title                    = {{CT-Directed Robotic Biopsy Testbed: Motivation and Concept}},
  Author                   = {Cleary, K.R. and Stoianovici, D.S. and Glossop, N.D. and Gary, K.A. and Onda, S. and Cody, R. and Lindisch, D. and Stanimir, A. and Mazilu, D. and Patriciu, A. and Watson, V. and Levy, E.},
  Booktitle                = {Medical Imaging},
  Year                     = {2001},
  Pages                    = {231--236}
}

@InProceedings{Darzi2004_ARM,
  Title                    = {{The Impact of Minimally Invasive Surgical Techniques}},
  Author                   = {S. A. Darzi and Y. Munz},
  Booktitle                = {Annu Rev Med.},
  Year                     = {2004},
  Pages                    = {223-237},
  Volume                   = {55}
}

@Article{dulan2012developing,
  Title                    = {{Developing a Comprehensive, Proficiency-based Training Program for Robotic Surgery}},
  Author                   = {Dulan, Genevieve and Rege, Robert V and Hogg, Deborah C and Gilberg-Fisher, Kristine M and Arain, Nabeel A and Tesfay, Seifu T and Scott, Daniel J},
  Journal                  = {Surgery},
  Year                     = {2012},
  Number                   = {3},
  Pages                    = {477--488},
  Volume                   = {152},
  Publisher                = {Elsevier}
}

@Article{Granick2006_WRR,
  Title                    = {{Toward a Common Language: Surgical Wound Bed Preparation and Debridement}},
  Author                   = {Granick, Mark and Boykin, Joseph and Gamelli, Richard and Schultz, Gregory and Tenenhaus, Mayer},
  Journal                  = {Wound repair and regeneration},
  Year                     = {2006},
  Number                   = {s1},
  Pages                    = {1--10},
  Volume                   = {14}
}

@online{Intuitive2016endowrist,
  Title                    = {\href{http://www.intuitivesurgical.com/products/instruments/}{{EndoWrist Instruments, Intuitive Surgical}}},
%   Publisher                   = {Intuitive Surgical},
  year                     = 2016,
%   url = {http://www.intuitivesurgical.com/products/instruments/}
}

@InProceedings{Jansen2009,
  Title                    = {{Surgical Retraction of Non-uniform Deformable Layers of Tissue: 2D Robot Grasping and Path Planning}},
  Author                   = {Jansen, R. and Hauser, K. and Chentanez, N. and {van der Stappen}, F. and Goldberg, K.},
  Booktitle                = {{IROS}},
  Year                     = {2009},
  Pages                    = {4092--4097}
}

@InProceedings{Kang2000,
  Title                    = {{Autonomous Suturing using Minimally Invasive Surgical Robots}},
  Author                   = {Kang, H. and Wen, J.T.},
  Booktitle                = {IEEE Int. Conf. on Control Applications},
  Year                     = {2000},
  Pages                    = {742--747}
}

@InProceedings{Kazanzides2014,
  Title                    = {{An Open-Source Research Kit for the da Vinci Surgical System}},
  Author                   = {Kazanzides, P and Chen, Z and Deguet, A and Fischer, G.S. and Taylor, R.H. and DiMaio, S.P.},
  Booktitle                = {{ICRA}},
  Year                     = {2014}
}

@InProceedings{Kehoe2014,
  Title                    = {{Autonomous Multilateral Debridement with the Raven Surgical Robot}},
  Author                   = {Kehoe, B. and Kahn, G. and Mahler, J. and Kim, J. and Lee, A. and Lee, A. and Nakagawa, K. and Patil, S. and Boyd, W.D. and Abbeel, P. and Goldberg, K.},
  Booktitle                = {{ICRA}},
  Year                     = {2014}
}

@Article{kowalewski2014beyond,
  Title                    = {{Beyond task time: automated measurement augments fundamentals of laparoscopic skills methodology}},
  Author                   = {Timothy M. Kowalewski and Lee W. White and Thomas S. Lendvay and Iris S. Jiang and Robert Sweet and Andrew Wright and Blake Hannaford and Mika N. Sinanan},
  Journal                  = {Journal of Surgical Research },
  Year                     = {2014},
  ISSN                     = {0022-4804},
  Optionalurl              = {http://www.sciencedirect.com/science/article/pii/S0022480414005411}
}

@Article{Leonard2014,
  Title                    = {{Smart Tissue Anastomosis Robot (STAR): A Vision-Guided Robotics System for Laparoscopic Suturing}},
  Author                   = {Leonard, Simon and Wu, K and Kim, Yonjae and Krieger, Axel and Kim, P},
  Year                     = {2014},
  Number                   = {4},
  Pages                    = {1305--1317},
  Volume                   = {61}
}

@Article{Lum2009,
  Title                    = {{The RAVEN: Design and Validation of a Telesurgery System}},
  Author                   = {Lum, M.J.H. and Friedman, D.C.W and Sankaranarayanan, G. and King, H. and Fodero, K. and Leuschke, R. and Hannaford, B. and Rosen, J. and Sinanan, M.N.},
  Journal                  = {{IJRR}},
  Year                     = {2009},
  Number                   = {9},
  Pages                    = {1183--1197},
  Volume                   = {28}
}

@Misc{Ma2013,
  Title                    = {{Autonomous Block Transfer with the {Raven} Surgical Robot}},
  Author                   = {Ji Ma and Jacob Rosen},
  Year                     = {2013}
}

@Article{maeso2010efficacy,
  Title                    = {{Efficacy of the Da Vinci surgical system in abdominal surgery compared with that of laparoscopy: a systematic review and meta-analysis}},
  Author                   = {Maeso, Sergio and Reza, Mercedes and Mayol, Julio A and Blasco, Juan A and Guerra, Mercedes and Andradas, Elena and Plana, Mar{\'\i}a N},
  Journal                  = {Annals of surgery},
  Year                     = {2010},
  Number                   = {2},
  Pages                    = {254--262},
  Volume                   = {252},
  Publisher                = {LWW}
}

@InProceedings{Mayer2008,
  Title                    = {{Automation of Manual Tasks for Minimally Invasive Surgery}},
  Author                   = {Mayer, H. and Nagy, I. and Burschka, D. and Knoll, A. and Braun, E. and Lange, R. and Bauernschmitt, R.},
  Booktitle                = {Int. Conf. on Autonomic and Autonomous Systems},
  Year                     = {2008},
  Pages                    = {260--265}
}

@InProceedings{Mohareri2014,
  Title                    = {{da Vinci Auxiliary Arm as a Robotic Surgical Assistant for Semi-
Autonomous Ultrasound Guidance during Robot-Assisted Laparoscopic Surgery}},
  Author                   = {Mohareri, O. and Black, P. and Salcudean, S. E.},
  Booktitle                = {Hamlyn Symposium on Medical Robotics (HSMR)},
  Year                     = {2014}
}

@Article{Mohareri2013,
  Title                    = {{Automatic Localization of the da Vinci Surgical Instrument Tips in 3-D Transrectal Ultrasound}},
  Author                   = {Mohareri, O. and Ramezani, M. and Adebar, T.K. and Abolmaesumi, P. and Salcudean, S.E.},
  Journal                  = {IEEE Trans. on Biomedical Engineering},
  Year                     = {2013},
  Number                   = {9},
  Pages                    = {2663--2672},
  Volume                   = {60}
}

@Article{Moustris2011,
  Title                    = {{Evolution of Autonomous and Semi-Autonomous Robotic Surgical Systems: A Review of the Literature}},
  Author                   = {Moustris, G.P. and Hiridis, S.C. and Deliparaschos, K.M. and Konstantinidis, K.M.},
  Journal                  = {Int. Journal of Medical Robotics and Computer Assisted Surgery},
  Year                     = {2011},
  Number                   = {4},
  Pages                    = {375--392},
  Volume                   = {7}
}

@article{bielser2004state,
  title={A state machine for real-time cutting of tetrahedral meshes},
  author={Bielser, Daniel and Glardon, Pascal and Teschner, Matthias and Gross, Markus},
  journal={Graphical Models},
  volume={66},
  number={6},
  pages={398--417},
  year={2004},
  publisher={Elsevier}
}

@article{thananjeyanmultilateral,
  title={Multilateral Surgical Pattern Cutting in 2D Orthotropic Gauze with Deep Reinforcement Learning Policies for Tensioning},
  author={Thananjeyan, Brijen and Garg, Animesh and Krishnan, Sanjay and Chen, Carolyn and Miller, Lauren and Goldberg, Ken}
}

@inproceedings{steinemann2006hybrid,
  title={Hybrid cutting of deformable solids},
  author={Steinemann, Denis and Harders, Matthias and Gross, Markus and Szekely, Gabor},
  booktitle={Virtual Reality Conference, 2006},
  pages={35--42},
  year={2006},
  organization={IEEE}
}

@inproceedings{mendoza2003simulating,
  title={Simulating soft tissue cutting using finite element models},
  author={Mendoza, Cesar and Laugier, Christian},
  booktitle={Robotics and Automation, 2003. Proceedings. ICRA'03. IEEE International Conference on},
  volume={1},
  pages={1109--1114},
  year={2003},
  organization={IEEE}
}

@inproceedings{sifakis2007arbitrary,
  title={Arbitrary cutting of deformable tetrahedralized objects},
  author={Sifakis, Eftychios and Der, Kevin G and Fedkiw, Ronald},
  booktitle={Proceedings of the 2007 ACM SIGGRAPH/Eurographics symposium on Computer animation},
  pages={73--80},
  year={2007},
  organization={Eurographics Association}
}

@InProceedings{nienhuys2001surgery,
  Title                    = {{A Surgery Simulation supporting Cuts and Finite Element Deformation}},
  Author                   = {Nienhuys, Han-Wen and van der Stappen, A Frank},
  Booktitle                = {{MICCAI}},
  Year                     = {2001},
  bib-Organization             = {Springer},
  bib-Pages                    = {145--152}
}

@Article{okamura2009haptic,
  title                    = {{Haptic feedback in robot-assisted minimally invasive surgery}},
  author                   = {Okamura, Allison M},
  journal                  = {Current opinion in urology},
  year                     = {2009},
  number                   = {1},
  pages                    = {102},
  volume                   = {19},
  publisher                = {NIH Public Access}
}

@InProceedings{Osa2014,
  Title                    = {{Online Trajectory Planning in Dynamic Environments for Surgical Task Automation}},
  Author                   = {Osa, Takayuki and Sugita, Naohiko and Mamoru, Mitsuishi},
  Booktitle                = {{RSS}},
  Year                     = {2014}
}

@InProceedings{Padoy2011,
  Title                    = {{Human-Machine Collaborative Surgery using Learned Models}},
  Author                   = {Padoy, N. and Hager, G.D.},
  Booktitle                = {{ICRA}},
  Year                     = {2011},
  Pages                    = {5285--5292}
}

@Misc{FLS2014,
  Title                    = {{Fundamentals of Laparoscopic Surgery}},
  Author                   = {FLS Program},
  Year                     = {2014},
  url = {http://www.flsprogram.org}
}

@InProceedings{reiley2010motion,
  Title                    = {{Motion generation of robotic surgical tasks: Learning from expert demonstrations}},
  Author                   = {Reiley, Carol E and Plaku, Erion and Hager, Gregory D},
  Booktitle                = {{EMBC}},
  Year                     = {2010},
  Organization             = {IEEE},
  Pages                    = {967--970}
}

@Article{Ritter2007,
  Title                    = {{Design of a Proficiency-based Skills Training Curriculum for the Fundamentals of Laparoscopic Surgery}},
  Author                   = {Ritter, E.M. and Scott, D.J.},
  Journal                  = {Surgical Innovation},
  Year                     = {2007},
  bib-Number                   = {2},
  bib-Pages                    = {107-112},
  bib-Volume                   = {14}
}

@InProceedings{Schulman2013,
  Title                    = {{A Case Study of Trajectory Transfer through Non-Rigid Registration for a Simplified Suturing Scenario}},
  Author                   = {Schulman, J. and Gupta, A. and Venkatesan, S. and Tayson-Frederick, M. and Abbeel, P.},
  Booktitle                = iros,
  Year                     = {2013},
  Pages                    = {4111--4117}
}

@inproceedings{Schulman2013_RSS,
  title={{Finding Locally Optimal, Collision-Free Trajectories with Sequential Convex Optimization}},
  author={Schulman, John and Ho, Jonathan and Lee, Alex and Bradlow, Henry and Awwal, Ibrahim and Abbeel,Pieter},
  booktitle=rss,
  year={2013}
}

@Misc{DVRK,
  Title                    = {{da Vinci Research Kit}},
  Author                   = {{Intuitive Surgical}},
  Year                     = {2014},
  url = {http://research.intusurg.com/dvRK}
}

@Article{Taylor2008,
  Title                    = {{Medical Robotics and Computer-Integrated Surgery}},
  Author                   = {Taylor, R.H. and Menciassi, A. and Fichtinger, G. and Dario, P.},
  Journal                  = {Springer Handbook of Robotics},
  Year                     = {2008},
  Pages                    = {1199--1222}
}

@Article{Taylor1994,
  Title                    = {{An Image-Directed Robotic System for Precise Orthopaedic Surgery}},
  Author                   = {Taylor, R.H. and Mittelstadt, B.D. and Paul, H.A. and Hanson, W. and Kazanzides, P. and Zuhars, J.F. and Williamson, B. and Musits, B.L. and Glassman, E. and Bargar, W.L.},
  Journal                  = tra,
  Year                     = {1994},
  Number                   = {3},
  Pages                    = {261--275},
  Volume                   = {10}
}

@InProceedings{vandenBerg2010,
  Title                    = {{Superhuman Performance of Surgical Tasks by Robots using Iterative Learning from Human-Guided Demonstrations}},
  Author                   = {{Van Den Berg}, J. and Miller, S. and Duckworth, D. and Hu, H. and Wan, A. and Fu, X. and Goldberg, K. and Abbeel, P.},
  Booktitle                = {{ICRA}},
  Year                     = {2010}
}

@Article{veldkamp2005laparoscopic,
  Title                    = {{Laparoscopic surgery versus open surgery for colon cancer: short-term outcomes of a randomised trial}},
  Author                   = {Veldkamp, Ruben and Kuhry, Esther and Hop, WC and Jeekel, J and Kazemier, G and Bonjer, H Jaap and Haglind, Eva and Pahlman, L and Cuesta, Miguel A and Msika, Simon and others},
  Journal                  = {Lancet Oncol},
  Year                     = {2005},
  Number                   = {7},
  Pages                    = {477--484},
  Volume                   = {6}
}

@Article{Wolf2005,
  Title                    = {{MBARS: Mini Bone-Attached Robotic System for Joint Arthroplasty}},
  Author                   = {Wolf, A and Jaramaz, B and Lisien, B and DiGioia, AM},
  Journal                  = {Int. Journal of Medical Robotics and Computer Assisted Surgery},
  Year                     = {2005},
  Number                   = {2},
  Pages                    = {101--121},
  Volume                   = {1}
}

@InCollection{Wolf2009,
  Title                    = {{Medical Automation and Robotics}},
  Author                   = {Wolf, A. and Shoham, M.},
  Booktitle                = {Springer Handbook of Automation},
  Year                     = {2009},
  Pages                    = {1397--1407}
}

@Article{xu2014robotic,
  Title                    = {{Robotic versus laparoscopic right colectomy: a meta-analysis}},
  Author                   = {Xu, Huirong and Li, Jianning and Sun, Yanlai and Li, Zengjun and Zhen, Yanan and Wang, Bin and Xu, Zhongfa},
  Journal                  = {World journal of surgical oncology},
  Year                     = {2014},
  Number                   = {1},
  Pages                    = {1--7},
  Volume                   = {12},
  Publisher                = {Springer}
}

@InProceedings{Zhang2014,
  Title                    = {{Implementation of a Motion Planning Framework for the da Vinci Surgical System Research Kit (dVRK)}},
  Author                   = {Zhang, Z and Munawar, A.S and Fischer, G.S.},
  Booktitle                = {Hamlyn Symposium on Medical Robotics (HSMR)},
  Year                     = {2014}
}

@article{Niekum2015,
  title={{Learning Grounded Finite-State Representations from Unstructured Demonstrations}},
  author={Niekum, Scott and Osentoski, Sarah and Konidaris, George and Chitta, Sachin and Marthi, Bhaskara and Barto, Andrew G},
  journal={{IJRR}},
  pages={131--157},
  volume={34},
  number={2},
  year={2015}
}

@article{Illingworth198887,
title = {{A Survey of the Hough Transform}},
journal = {Computer Vision, Graphics, and Image Processing},
volume = "44",
number = "1",
pages = "87 - 116",
year = "1988",
author = "J. Illingworth and J. Kittler",
}

@book{Bradski2008_Book,
  title={{Learning OpenCV: Computer Vision with the OpenCV Library}},
  author={Bradski, Gary and Kaehler, Adrian},
  year={2008},
  publisher={O'Reilly}
}

@phdthesis{DixonThesis,
	author		= {Kevin Dixon},
	title		= {{Inferring User Intent for Learning by Observation}},
	school		= {Carnegie Mellon University},
	year		= {2004},
}

@incollection{Varadarajan2009,
  title={{Data-derived Models for Segmentation with Application to Surgical Assessment and Training}},
  author={Varadarajan, Balakrishnan and Reiley, Carol and Lin, Henry and Khudanpur, Sanjeev and Hager, Gregory},
  booktitle={{MICCAI}},
  pages={426--434},
  year={2009}
}

@incollection{Reiley2009,
  title={{Task versus Subtask Surgical Skill Evaluation of Robotic Minimally Invasive Surgery}},
  author={Reiley, Carol E and Hager, Gregory D},
  booktitle={{MICCAI}},
  pages={435--442},
  year={2009}
}

@article{Lin2006,
  title={{Towards Automatic Skill Evaluation: Detection and Segmentation of Robot-assisted Surgical Motions}},
  author={Lin, Henry C and Shafran, Izhak and Yuh, David and Hager, Gregory D},
  journal={Computer Aided Surgery},
  volume={11},
  number={5},
  pages={220--230},
  year={2006}
}

@article{vidovszky2006robotic,
  title={{Robotic Cholecystectomy: Learning Curve, Advantages, and Limitations}},
  author={Vidovszky, Tamas J and Smith, William and Ghosh, Jagannath and Ali, Mohamed R},
  journal={Journal of Surgical Research},
  volume={136},
  number={2},
  pages={172--178},
  year={2006}
}

@article{Lim2005,
  title={{Nerve-sparing Axillary Dissection using the da Vinci Surgical System}},
  author={Lim, Susan ML and Kum, Cheng K and Lam, Foong L},
  journal={World Journal of Surgery},
  volume={29},
  number={10},
  pages={1352--1355},
  year={2005}
}

@InProceedings{zhang2004cutting,
  title={On Cutting and Dissection of Virtual Deformable Objects},
  author={Zhang, Hui and Payandeh, Shahram and Dill, John},
  booktitle={{ICRA}},
  year={2004}
}

@article{Chentanez2009,
  title={{Interactive Simulation of Surgical Needle Insertion and Steering}},
  author={Chentanez, Nuttapong and Alterovitz, Ron and Ritchie, Daniel and Cho, Lita and Hauser, Kris and Goldberg, Ken and Shewchuk, Jonathan R and O'Brien, James F},
  volume={28},
  number={3},
  year={2009},
  journal={ACM Transactions on Graphics}
}

@inproceedings{Gienger2010,
  title={{Imitating Object Movement Skills with Robots: A Task-Level Approach Exploiting Generalization and Invariance}},
  author={Gienger, Michael and Muhlig, M and Steil, Jochen J},
  booktitle=iros,
  pages={1262--1269},
  year={2010}
}

@article{Konidaris2011,
  title={{Robot Learning from Demonstration by Constructing Skill Trees}},
  author={Konidaris, George and Kuindersma, Scott and Grupen, Roderic and Barto, Andrew},
  journal=ijrr,
  volume={31},
  number={3},
  pages={360--375},
  year={2011}
}

@article{stahl2002hybrid,
  title={{Hybrid Robotic Coronary Artery Surgery and Angioplasty in Multivessel Coronary Artery Disease}},
  author={Stahl, Kenneth D and Boyd, W Douglas and Vassiliades, Thomas A and Karamanoukian, Hratch L},
  journal={The Annals of thoracic surgery},
  volume={74},
  number={4},
  pages={1358--1362},
  year={2002}
}

@incollection{calinon2008robot,
  title={{Robot Programming by Demonstration}},
  author={Calinon, Sylvain},
  booktitle={Springer handbook of robotics},
  bib-pages={1371--1394},
  year={2008}
}

@book{alterovitz2008motion,
  title={{Motion Planning in Medicine: Optimization and Simulation Algorithms for Image-guided Procedures}},
  author={Alterovitz, Ron and Goldberg, Ken},
  year={2008},
  publisher={Springer}
}

@misc{OpenCVmatchTemplate,
  title={Template Matching},
  author={OpenCV},
  url={http://docs.opencv.org/doc/tutorials/imgproc/histograms/template_matching/template_matching.html}
}

@article{kober2013reinforcement,
  title={Reinforcement learning in robotics: A survey},
  author={Kober, Jens and Bagnell, J Andrew and Peters, Jan},
  journal={{IJRR}},
  pages={0278364913495721},
  year={2013},
  publisher={SAGE Publications}
}

@article{Hannaford2013_ITBE,
   author = {B. Hannaford and J. Rosen and Diana CW Friedman and H. King and P. Roan and L. Cheng and D. Glozman and J. Ma and S.N. Kosari and L. White},
   title = {{Raven-II: An Open Platform for Surgical Robotics Research}},
   journal = {IEEE Transactions on Biomedical Engineering},
   volume = {60},
   pages = {954-959},
   month = apr,
   year = {2013},
}

@inproceedings{Quigley2009,
author = {Quigley, Morgan and Gerkey, Brian and Ken Conley and Josh Faust and Tully Foote and Jeremy Leibs and Eric Berger and Rob Wheeler and Andrew Ng},
booktitle = {ICRA Workshop on Open Source Software},
title = {{ROS: an open-source Robot Operating System}},
year = {2009}
}

@article{touretzky1989s,
  title={What’s hidden in the hidden layers},
  author={Touretzky, David S and Pomerleau, Dean A}
}

 
@INPROCEEDINGS{zhou16representing, 
    AUTHOR    = {Yilun Zhou AND George Konidaris}, 
    TITLE     = {{Representing and Learning Complex Object Interactions}}, 
    BOOKTITLE = {Proceedings of Robotics: Science and Systems}, 
    YEAR      = {2016}, 
    DOI       = {10.15607/RSS.2016.XII.039} 
} 
 
@article{frisken1999using,
  title={Using linked volumes to model object collisions, deformation, cutting, carving, and joining},
  author={Frisken-Gibson, Sarah F},
  journal={IEEE transactions on visualization and computer graphics},
  bib-volume={5},
  bib-number={4},
  year={1999},
  notes={This paper discusses a linked volume representation that enables physically realistic modeling of object interactions such as: collision detection, collision response, 3D object deformation, and interactive object modification by carving, cutting, tearing, and joining.}
}

@article{surgical2015annual,
    Author = {Surgical, Intuitive},
    Date = {2015},
    Journaltitle = {URL \url{http://phx.corporate-ir.net/phoenix.zhtml?c=122359&p=irol-irhome}},
    Title = {Annual report 2015}}


@article{skolarus2010robotic,
  title={Robotic surgery in urologic oncology: gathering the evidence},
  author={Skolarus, Ted A and Zhang, Yun and Hollenbeck, Brent K},
  journal={Expert review of pharmacoeconomics \& outcomes research},
  volume={10},
  number={4},
  pages={421--432},
  year={2010},
  publisher={Taylor \& Francis}
}

@article{gale2016patterning,
  title={Patterning of tensile fabric structures with a discrete element model using dynamic relaxation},
  author={Gale, Stuart and Lewis, Wanda J},
  journal={Computers \& Structures},
  bib-volume={169},
  bib-pages={112--121},
  year={2016},
  publisher={Elsevier}
}

@InProceedings{garg2016gpas,
  author    = {Garg, Animesh and Sen, Siddarth and Kapadia, Rishi and Jen, Yiming and McKinley, Stephen and Miller, Lauren and Goldberg, Ken},
  title     = {Tumor Localization using Automated Palpation with Gaussian Process Adaptive Sampling},
  booktitle = {{CASE}},
  year      = {2016},
}

@article{frsr-stegemann2013,
    Author = {Stegemann, Andrew P and Ahmed, Kamran and Syed, Johar R and Rehman, Shabnam and Ghani, Khurshid and Autorino, Ricardo and Sharif, Mohamed and Rao, Amrith and Shi, Yi and Wilding, Gregory E and others},
    Date = {2013},
    Journaltitle = {Urology},
    bib-Number = {4},
    bib-Pages = {767--774},
    Publisher = {Elsevier},
    Title = {Fundamental skills of robotic surgery: a multi-institutional randomized controlled trial for validation of a simulation-based curriculum},
    bib-Volume = {81}}
    
@inproceedings{sen2015automating,
Author = {Sen, S. and Garg, A. and Gealy, D. V. and McKinley, S. and Jen, Y. and Goldberg, K.},
Booktitle = {{ICRA}},
Title = {{Automating Multiple-Throw Multilateral Surgical Suturing with a Mechanical Needle Guide and Sequential Convex Optimization}},
Year = {2016}}

@inproceedings{swirl2016,
    author = {Krishnan, S. and Garg, A. and Liaw, R. and Thananjeyan, B. and Miller, L. and Pokorny, F. T. and Goldberg, K},
    booktitle = {{WAFR}},
    title = {{SWIRL}: A Sequential Windowed Inverse Reinforcement Learning Algorithm for Robot Tasks With Delayed Rewards.},
    year = {2016}
}

@article{cutting2008,
    title={Modeling the Forces of Cutting with Scissors},
    author = {Mahvash, M. and Voo, L., and Kim, D., and Jeung, K., and Wainer, J., and Okamura, A. M.},
    journal = {IEEE transactions on bio-medical engineering},
    volume={55.3},
    pages={848--856},
    year={2008},
    publisher = {PMC}
}

@misc{brookes16tearable,
  author = {Brooks, Adam},
  title = {{A tearable cloth simulation using vertlet integration}},
  year = {2016},
  journal = {GitHub repository},
  howpublished = {\url{https://github.com/Dissimulate/Tearable-Cloth}}
}

@inproceedings{balaguer2011combining,
  title={Combining imitation and reinforcement learning to fold deformable planar objects},
  author={Balaguer, Benjamin and Carpin, Stefano},
  booktitle={2011 IEEE/RSJ International Conference on Intelligent Robots and Systems},
  pages={1405--1412},
  year={2011},
  organization={IEEE}
}

@article{DBLP:journals/corr/ZhangLMFA15,
  author    = {Marvin Zhang and
               Sergey Levine and
               Zoe McCarthy and
               Chelsea Finn and
               Pieter Abbeel},
  title     = {Policy Learning with Continuous Memory States for Partially Observed
               Robotic Control},
  journal   = {CoRR},
  volume    = {abs/1507.01273},
  year      = {2015},
  url       = {http://arxiv.org/abs/1507.01273},
  timestamp = {Sun, 02 Aug 2015 18:42:02 +0200},
  biburl    = {http://dblp.uni-trier.de/rec/bib/journals/corr/ZhangLMFA15},
  bibsource = {dblp computer science bibliography, http://dblp.org}
}


@article{lenz2015deep,
	Author = {Lenz, Ian and Lee, Honglak and Saxena, Ashutosh},
	Journal = {{IJRR}},
	bib-Number = {4-5},
	bib-Pages = {705--724},
	Publisher = {SAGE Publications},
	Title = {Deep learning for detecting robotic grasps},
	bib-Volume = {34},
	Year = {2015}}
	
@inproceedings{DBLP:conf/aamas/KnoxS12,
  author    = {W. Bradley Knox and
               Peter Stone},
  title     = {Reinforcement learning from simultaneous human and {MDP} reward},
  booktitle = {{AAMS}},
  pages     = {475--482},
  year      = {2012},
  crossref  = {DBLP:conf/atal/2012},
  url       = {http://dl.acm.org/citation.cfm?id=2343644},
  timestamp = {Thu, 19 Mar 2015 17:49:02 +0100},
  biburl    = {http://dblp.uni-trier.de/rec/bib/conf/aamas/KnoxS12},
  bibsource = {dblp computer science bibliography, http://dblp.org}
}

@article{levine2015end,
	Author = {Levine, Sergey and Finn, Chelsea and Darrell, Trevor and Abbeel, Pieter},
	Journal = {arXiv preprint arXiv:1504.00702},
	Title = {End-to-End Training of Deep Visuomotor Policies},
	Year = {2015}}
	
@article{jimenez2012survey,
  title={Survey on model-based manipulation planning of deformable objects},
  author={Jim{\'e}nez, P},
  journal={Robotics and computer-integrated manufacturing},
  bib-volume={28},
  bib-number={2},
  bib-pages={154--163},
  year={2012},
  publisher={Elsevier}
}

@inproceedings{spielman2007spectral,
  title={Spectral graph theory and its applications},
  author={Spielman, Daniel A},
  booktitle={Foundations of Computer Science, 2007. FOCS'07. 48th Annual IEEE Symposium on},
  pages={29--38},
  year={2007},
  organization={IEEE}
}

@inproceedings{murali2015learning,
  title={Learning by observation for surgical subtasks: Multilateral cutting of 3d viscoelastic and 2d orthotropic tissue phantoms},
  author={Murali, Adithyavairavan and Sen, Siddarth and Kehoe, Ben and Garg, Animesh and McFarland, Seth and Patil, Sachin and Boyd, W Douglas and Lim, Susan and Abbeel, Pieter and Goldberg, Ken},
  booktitle={{ICRA}},
  pages={1202--1209},
  year={2015},
  organization={IEEE}
}

@article{cutler2015real,
  title={Real-World Reinforcement Learning via Multifidelity Simulators},
  author={Cutler, Mark and Walsh, Thomas J and How, Jonathan P},
  journal={IEEE Transactions on Robotics},
  bib-volume={31},
  bib-number={3},
  bib-pages={655--671},
  year={2015},
  publisher={IEEE}
}

@inproceedings{abbeel2006using,
  title={Using inaccurate models in reinforcement learning},
  author={Abbeel, Pieter and Quigley, Morgan and Ng, Andrew Y},
  booktitle={Proceedings of the 23rd international conference on Machine learning},
  pages={1--8},
  year={2006},
  organization={ACM}
}

@INPROCEEDINGS{Cutler2016Autonomous, 
author={M. Cutler and J. P. How}, 
booktitle={2016 IEEE International Conference on Robotics and Automation (ICRA)}, 
title={Autonomous drifting using simulation-aided reinforcement learning}, 
year={2016}, 
bib-pages={5442-5448}, 
doi={10.1109/ICRA.2016.7487756}, 
month={May},}

@inproceedings{beetz2011robotic,
  title={Robotic roommates making pancakes},
  author={Beetz, Michael and Klank, Ulrich and Kresse, Ingo and Maldonado, Alexis and M{\"o}senlechner, Lorenz and Pangercic, Dejan and R{\"u}hr, Thomas and Tenorth, Moritz},
  booktitle={Humanoids},
  pages={529--536},
  year={2011},
  organization={IEEE}
}

@article{shigley1972mechanical,
  title={Mechanical engineering design},
  author={Shigley, Joseph Edward},
  year={1972},
  publisher={McGraw-Hill}
}

@inproceedings{duan2016benchmarking,
  title={Benchmarking deep reinforcement learning for continous control},
  author={Duan, Yan and Chen, Xi and Houthooft, Rein and Schulman, John and Abbeel, Pieter},
  booktitle={{ICML}},
  year={2016}
}

@article{schulman2015trust,
  title={Trust region policy optimization},
  author={Schulman, John and Levine, Sergey and Moritz, Philipp and Jordan, Michael I and Abbeel, Pieter},
  journal={{ICML}},
  year={2015}
}

% This file was created with JabRef 2.10.
% Encoding: UTF8


@String { biorob = {Int. Conf. Biomedical Robotics and Biomechatronics (BioRob)} }
@String { icra   = {{ICRA}} }
@String { ijrr   = {Int. Journal of Robotics Research} }
@String { iros   = {IEEE/RSJ Int. Conf. on Intelligent Robots and Systems (IROS)} }
@String { isrr   = {Int. Symp. on Robotics Research (ISRR)} }
@String { jra    = {IEEE Journal of Robotics and Automation} }
@String { rss    = {Robotics: Science and Systems (RSS)} }
@String { tra    = {IEEE Trans. on Robotics and Automation} }
@String { tro    = {IEEE Trans. on Robotics} }
@String { wafr   = {Proc. Workshop Algorithmic Foundations of Robotics (WAFR)} }

@Article{Adler1997,
  Title                    = {{The Cyberknife: A Frameless Robotic System for Radiosurgery}},
  Author                   = {Adler Jr, J.R. and Chang, S.D. and Murphy, M.J. and Doty, J. and Geis, P. and Hancock, S.L.},
  Journal                  = {Stereotactic and functional neurosurgery},
  Year                     = {1997},
  Number                   = {1-4},
  Pages                    = {124--128},
  Volume                   = {69}
}

@InCollection{Anvari2014,
  Title                    = {{The Future of Robotic Platforms}},
  Author                   = {Anvari, Mehran},
  Booktitle                = {Robotics in General Surgery},
  Year                     = {2014},
  Pages                    = {485--497}
}

@Article{argall2009survey,
  Title                    = {{A Survey of Robot Learning from Demonstration}},
  Author                   = {Argall, Brenna D and Chernova, Sonia and Veloso, Manuela and Browning, Brett},
  Journal                  = {Robotics and Autonomous Systems},
  Year                     = {2009},
  bib-Number                   = {5},
  bib-Pages                    = {469--483},
  bib-Volume                   = {57},
  Publisher                = {Elsevier}
}

@Article{Attinger2000_CPMS,
  Title                    = {{Surgical Debridement: The Key to Successful Wound Healing and Reconstruction}},
  Author                   = {Attinger, Christopher E and Bulan, Erwin and Blume, Peter A},
  Journal                  = {Clinics in podiatric medicine and surgery},
  Year                     = {2000},
  Number                   = {4},
  Pages                    = {599},
  Volume                   = {17}
}

@Article{Ballantyne2003,
  Title                    = {{The da Vinci Telerobotic Surgical System: The Virtual Operative Field and Telepresence Surgery}},
  Author                   = {Ballantyne, G.H. and Moll, F.},
  Journal                  = {Surgical Clinics of North America},
  Year                     = {2003},
  Number                   = {6},
  Pages                    = {1293--1304},
  Volume                   = {83}
}

@Article{Bargar1998,
  Title                    = {{Primary and Revision Total Hip Replacement using the Robodoc System}},
  Author                   = {Bargar, W.L. and Bauer, A. and B{\"o}rner, M.},
  Journal                  = {Clinical orthopaedics and related research},
  Year                     = {1998},
  Pages                    = {82--91},
  Volume                   = {354}
}

@Article{Beasley2012,
  Title                    = {{Medical Robots: Current Systems and Research Directions}},
  Author                   = {Beasley, Ryan A},
  Journal                  = {Journal of Robotics},
  Year                     = {2012},
  bib-Volume                   = {2012}
}

@Article{Bergeles2014,
  Title                    = {{From Passive Tool Holders to Microsurgeons: Safer, Smaller, Smarter Surgical Robots}},
  Author                   = {Bergeles, Christos and Yang, G},
  Journal                  = {IEEE Trans. on Biomedical Engineering},
  Year                     = {2014},
  Pages                    = {1565--1576},
  Volume                   = {61},
  Issue                    = {5},
  Publisher                = {IEEE}
}

@InProceedings{Billings2012,
  Title                    = {{System for Robot-Assisted Real-Time Laparoscopic Ultrasound Elastography}},
  Author                   = {Billings, S. and Deshmukh, N. and Kang, H.J. and Taylor, R. and Boctor, E.M.},
  Booktitle                = {SPIE Medical Imaging},
  Year                     = {2012}
}

@InProceedings{Cleary2001,
  Title                    = {{CT-Directed Robotic Biopsy Testbed: Motivation and Concept}},
  Author                   = {Cleary, K.R. and Stoianovici, D.S. and Glossop, N.D. and Gary, K.A. and Onda, S. and Cody, R. and Lindisch, D. and Stanimir, A. and Mazilu, D. and Patriciu, A. and Watson, V. and Levy, E.},
  Booktitle                = {Medical Imaging},
  Year                     = {2001},
  Pages                    = {231--236}
}

@InProceedings{Darzi2004_ARM,
  Title                    = {{The Impact of Minimally Invasive Surgical Techniques}},
  Author                   = {S. A. Darzi and Y. Munz},
  Booktitle                = {Annu Rev Med.},
  Year                     = {2004},
  Pages                    = {223-237},
  Volume                   = {55}
}

@Article{dulan2012developing,
  Title                    = {{Developing a Comprehensive, Proficiency-based Training Program for Robotic Surgery}},
  Author                   = {Dulan, Genevieve and Rege, Robert V and Hogg, Deborah C and Gilberg-Fisher, Kristine M and Arain, Nabeel A and Tesfay, Seifu T and Scott, Daniel J},
  Journal                  = {Surgery},
  Year                     = {2012},
  Number                   = {3},
  Pages                    = {477--488},
  Volume                   = {152},
  Publisher                = {Elsevier}
}

@Article{Granick2006_WRR,
  Title                    = {{Toward a Common Language: Surgical Wound Bed Preparation and Debridement}},
  Author                   = {Granick, Mark and Boykin, Joseph and Gamelli, Richard and Schultz, Gregory and Tenenhaus, Mayer},
  Journal                  = {Wound repair and regeneration},
  Year                     = {2006},
  Number                   = {s1},
  Pages                    = {1--10},
  Volume                   = {14}
}

@online{Intuitive2016endowrist,
  Title                    = {\href{http://www.intuitivesurgical.com/products/instruments/}{{EndoWrist Instruments, Intuitive Surgical}}},
%   Publisher                   = {Intuitive Surgical},
  year                     = 2016,
%   url = {http://www.intuitivesurgical.com/products/instruments/}
}

@InProceedings{Jansen2009,
  Title                    = {{Surgical Retraction of Non-uniform Deformable Layers of Tissue: 2D Robot Grasping and Path Planning}},
  Author                   = {Jansen, R. and Hauser, K. and Chentanez, N. and {van der Stappen}, F. and Goldberg, K.},
  Booktitle                = {{IROS}},
  Year                     = {2009},
  Pages                    = {4092--4097}
}

@InProceedings{Kang2000,
  Title                    = {{Autonomous Suturing using Minimally Invasive Surgical Robots}},
  Author                   = {Kang, H. and Wen, J.T.},
  Booktitle                = {IEEE Int. Conf. on Control Applications},
  Year                     = {2000},
  Pages                    = {742--747}
}

@InProceedings{Kazanzides2014,
  Title                    = {{An Open-Source Research Kit for the da Vinci Surgical System}},
  Author                   = {Kazanzides, P and Chen, Z and Deguet, A and Fischer, G.S. and Taylor, R.H. and DiMaio, S.P.},
  Booktitle                = {{ICRA}},
  Year                     = {2014}
}

@InProceedings{Kehoe2014,
  Title                    = {{Autonomous Multilateral Debridement with the Raven Surgical Robot}},
  Author                   = {Kehoe, B. and Kahn, G. and Mahler, J. and Kim, J. and Lee, A. and Lee, A. and Nakagawa, K. and Patil, S. and Boyd, W.D. and Abbeel, P. and Goldberg, K.},
  Booktitle                = {{ICRA}},
  Year                     = {2014}
}

@Article{kowalewski2014beyond,
  Title                    = {{Beyond task time: automated measurement augments fundamentals of laparoscopic skills methodology}},
  Author                   = {Timothy M. Kowalewski and Lee W. White and Thomas S. Lendvay and Iris S. Jiang and Robert Sweet and Andrew Wright and Blake Hannaford and Mika N. Sinanan},
  Journal                  = {Journal of Surgical Research },
  Year                     = {2014},
  ISSN                     = {0022-4804},
  Optionalurl              = {http://www.sciencedirect.com/science/article/pii/S0022480414005411}
}

@Article{Leonard2014,
  Title                    = {{Smart Tissue Anastomosis Robot (STAR): A Vision-Guided Robotics System for Laparoscopic Suturing}},
  Author                   = {Leonard, Simon and Wu, K and Kim, Yonjae and Krieger, Axel and Kim, P},
  Year                     = {2014},
  Number                   = {4},
  Pages                    = {1305--1317},
  Volume                   = {61}
}

@Article{Lum2009,
  Title                    = {{The RAVEN: Design and Validation of a Telesurgery System}},
  Author                   = {Lum, M.J.H. and Friedman, D.C.W and Sankaranarayanan, G. and King, H. and Fodero, K. and Leuschke, R. and Hannaford, B. and Rosen, J. and Sinanan, M.N.},
  Journal                  = {{IJRR}},
  Year                     = {2009},
  Number                   = {9},
  Pages                    = {1183--1197},
  Volume                   = {28}
}

@Misc{Ma2013,
  Title                    = {{Autonomous Block Transfer with the {Raven} Surgical Robot}},
  Author                   = {Ji Ma and Jacob Rosen},
  Year                     = {2013}
}

@Article{maeso2010efficacy,
  Title                    = {{Efficacy of the Da Vinci surgical system in abdominal surgery compared with that of laparoscopy: a systematic review and meta-analysis}},
  Author                   = {Maeso, Sergio and Reza, Mercedes and Mayol, Julio A and Blasco, Juan A and Guerra, Mercedes and Andradas, Elena and Plana, Mar{\'\i}a N},
  Journal                  = {Annals of surgery},
  Year                     = {2010},
  Number                   = {2},
  Pages                    = {254--262},
  Volume                   = {252},
  Publisher                = {LWW}
}

@InProceedings{Mayer2008,
  Title                    = {{Automation of Manual Tasks for Minimally Invasive Surgery}},
  Author                   = {Mayer, H. and Nagy, I. and Burschka, D. and Knoll, A. and Braun, E. and Lange, R. and Bauernschmitt, R.},
  Booktitle                = {Int. Conf. on Autonomic and Autonomous Systems},
  Year                     = {2008},
  Pages                    = {260--265}
}

@InProceedings{Mohareri2014,
  Title                    = {{da Vinci Auxiliary Arm as a Robotic Surgical Assistant for Semi-
Autonomous Ultrasound Guidance during Robot-Assisted Laparoscopic Surgery}},
  Author                   = {Mohareri, O. and Black, P. and Salcudean, S. E.},
  Booktitle                = {Hamlyn Symposium on Medical Robotics (HSMR)},
  Year                     = {2014}
}

@Article{Mohareri2013,
  Title                    = {{Automatic Localization of the da Vinci Surgical Instrument Tips in 3-D Transrectal Ultrasound}},
  Author                   = {Mohareri, O. and Ramezani, M. and Adebar, T.K. and Abolmaesumi, P. and Salcudean, S.E.},
  Journal                  = {IEEE Trans. on Biomedical Engineering},
  Year                     = {2013},
  Number                   = {9},
  Pages                    = {2663--2672},
  Volume                   = {60}
}

@Article{Moustris2011,
  Title                    = {{Evolution of Autonomous and Semi-Autonomous Robotic Surgical Systems: A Review of the Literature}},
  Author                   = {Moustris, G.P. and Hiridis, S.C. and Deliparaschos, K.M. and Konstantinidis, K.M.},
  Journal                  = {Int. Journal of Medical Robotics and Computer Assisted Surgery},
  Year                     = {2011},
  Number                   = {4},
  Pages                    = {375--392},
  Volume                   = {7}
}

@article{bielser2004state,
  title={A state machine for real-time cutting of tetrahedral meshes},
  author={Bielser, Daniel and Glardon, Pascal and Teschner, Matthias and Gross, Markus},
  journal={Graphical Models},
  volume={66},
  number={6},
  pages={398--417},
  year={2004},
  publisher={Elsevier}
}

@article{thananjeyanmultilateral,
  title={Multilateral Surgical Pattern Cutting in 2D Orthotropic Gauze with Deep Reinforcement Learning Policies for Tensioning},
  author={Thananjeyan, Brijen and Garg, Animesh and Krishnan, Sanjay and Chen, Carolyn and Miller, Lauren and Goldberg, Ken}
}

@inproceedings{steinemann2006hybrid,
  title={Hybrid cutting of deformable solids},
  author={Steinemann, Denis and Harders, Matthias and Gross, Markus and Szekely, Gabor},
  booktitle={Virtual Reality Conference, 2006},
  pages={35--42},
  year={2006},
  organization={IEEE}
}

@inproceedings{mendoza2003simulating,
  title={Simulating soft tissue cutting using finite element models},
  author={Mendoza, Cesar and Laugier, Christian},
  booktitle={Robotics and Automation, 2003. Proceedings. ICRA'03. IEEE International Conference on},
  volume={1},
  pages={1109--1114},
  year={2003},
  organization={IEEE}
}

@inproceedings{sifakis2007arbitrary,
  title={Arbitrary cutting of deformable tetrahedralized objects},
  author={Sifakis, Eftychios and Der, Kevin G and Fedkiw, Ronald},
  booktitle={Proceedings of the 2007 ACM SIGGRAPH/Eurographics symposium on Computer animation},
  pages={73--80},
  year={2007},
  organization={Eurographics Association}
}

@InProceedings{nienhuys2001surgery,
  Title                    = {{A Surgery Simulation supporting Cuts and Finite Element Deformation}},
  Author                   = {Nienhuys, Han-Wen and van der Stappen, A Frank},
  Booktitle                = {{MICCAI}},
  Year                     = {2001},
  bib-Organization             = {Springer},
  bib-Pages                    = {145--152}
}

@Article{okamura2009haptic,
  title                    = {{Haptic feedback in robot-assisted minimally invasive surgery}},
  author                   = {Okamura, Allison M},
  journal                  = {Current opinion in urology},
  year                     = {2009},
  number                   = {1},
  pages                    = {102},
  volume                   = {19},
  publisher                = {NIH Public Access}
}

@InProceedings{Osa2014,
  Title                    = {{Online Trajectory Planning in Dynamic Environments for Surgical Task Automation}},
  Author                   = {Osa, Takayuki and Sugita, Naohiko and Mamoru, Mitsuishi},
  Booktitle                = {{RSS}},
  Year                     = {2014}
}

@InProceedings{Padoy2011,
  Title                    = {{Human-Machine Collaborative Surgery using Learned Models}},
  Author                   = {Padoy, N. and Hager, G.D.},
  Booktitle                = {{ICRA}},
  Year                     = {2011},
  Pages                    = {5285--5292}
}

@Misc{FLS2014,
  Title                    = {{Fundamentals of Laparoscopic Surgery}},
  Author                   = {FLS Program},
  Year                     = {2014},
  url = {http://www.flsprogram.org}
}

@InProceedings{reiley2010motion,
  Title                    = {{Motion generation of robotic surgical tasks: Learning from expert demonstrations}},
  Author                   = {Reiley, Carol E and Plaku, Erion and Hager, Gregory D},
  Booktitle                = {{EMBC}},
  Year                     = {2010},
  Organization             = {IEEE},
  Pages                    = {967--970}
}

@Article{Ritter2007,
  Title                    = {{Design of a Proficiency-based Skills Training Curriculum for the Fundamentals of Laparoscopic Surgery}},
  Author                   = {Ritter, E.M. and Scott, D.J.},
  Journal                  = {Surgical Innovation},
  Year                     = {2007},
  bib-Number                   = {2},
  bib-Pages                    = {107-112},
  bib-Volume                   = {14}
}

@InProceedings{Schulman2013,
  Title                    = {{A Case Study of Trajectory Transfer through Non-Rigid Registration for a Simplified Suturing Scenario}},
  Author                   = {Schulman, J. and Gupta, A. and Venkatesan, S. and Tayson-Frederick, M. and Abbeel, P.},
  Booktitle                = iros,
  Year                     = {2013},
  Pages                    = {4111--4117}
}

@inproceedings{Schulman2013_RSS,
  title={{Finding Locally Optimal, Collision-Free Trajectories with Sequential Convex Optimization}},
  author={Schulman, John and Ho, Jonathan and Lee, Alex and Bradlow, Henry and Awwal, Ibrahim and Abbeel,Pieter},
  booktitle=rss,
  year={2013}
}

@Misc{DVRK,
  Title                    = {{da Vinci Research Kit}},
  Author                   = {{Intuitive Surgical}},
  Year                     = {2014},
  url = {http://research.intusurg.com/dvRK}
}

@Article{Taylor2008,
  Title                    = {{Medical Robotics and Computer-Integrated Surgery}},
  Author                   = {Taylor, R.H. and Menciassi, A. and Fichtinger, G. and Dario, P.},
  Journal                  = {Springer Handbook of Robotics},
  Year                     = {2008},
  Pages                    = {1199--1222}
}

@Article{Taylor1994,
  Title                    = {{An Image-Directed Robotic System for Precise Orthopaedic Surgery}},
  Author                   = {Taylor, R.H. and Mittelstadt, B.D. and Paul, H.A. and Hanson, W. and Kazanzides, P. and Zuhars, J.F. and Williamson, B. and Musits, B.L. and Glassman, E. and Bargar, W.L.},
  Journal                  = tra,
  Year                     = {1994},
  Number                   = {3},
  Pages                    = {261--275},
  Volume                   = {10}
}

@InProceedings{vandenBerg2010,
  Title                    = {{Superhuman Performance of Surgical Tasks by Robots using Iterative Learning from Human-Guided Demonstrations}},
  Author                   = {{Van Den Berg}, J. and Miller, S. and Duckworth, D. and Hu, H. and Wan, A. and Fu, X. and Goldberg, K. and Abbeel, P.},
  Booktitle                = {{ICRA}},
  Year                     = {2010}
}

@Article{veldkamp2005laparoscopic,
  Title                    = {{Laparoscopic surgery versus open surgery for colon cancer: short-term outcomes of a randomised trial}},
  Author                   = {Veldkamp, Ruben and Kuhry, Esther and Hop, WC and Jeekel, J and Kazemier, G and Bonjer, H Jaap and Haglind, Eva and Pahlman, L and Cuesta, Miguel A and Msika, Simon and others},
  Journal                  = {Lancet Oncol},
  Year                     = {2005},
  Number                   = {7},
  Pages                    = {477--484},
  Volume                   = {6}
}

@Article{Wolf2005,
  Title                    = {{MBARS: Mini Bone-Attached Robotic System for Joint Arthroplasty}},
  Author                   = {Wolf, A and Jaramaz, B and Lisien, B and DiGioia, AM},
  Journal                  = {Int. Journal of Medical Robotics and Computer Assisted Surgery},
  Year                     = {2005},
  Number                   = {2},
  Pages                    = {101--121},
  Volume                   = {1}
}

@InCollection{Wolf2009,
  Title                    = {{Medical Automation and Robotics}},
  Author                   = {Wolf, A. and Shoham, M.},
  Booktitle                = {Springer Handbook of Automation},
  Year                     = {2009},
  Pages                    = {1397--1407}
}

@Article{xu2014robotic,
  Title                    = {{Robotic versus laparoscopic right colectomy: a meta-analysis}},
  Author                   = {Xu, Huirong and Li, Jianning and Sun, Yanlai and Li, Zengjun and Zhen, Yanan and Wang, Bin and Xu, Zhongfa},
  Journal                  = {World journal of surgical oncology},
  Year                     = {2014},
  Number                   = {1},
  Pages                    = {1--7},
  Volume                   = {12},
  Publisher                = {Springer}
}

@InProceedings{Zhang2014,
  Title                    = {{Implementation of a Motion Planning Framework for the da Vinci Surgical System Research Kit (dVRK)}},
  Author                   = {Zhang, Z and Munawar, A.S and Fischer, G.S.},
  Booktitle                = {Hamlyn Symposium on Medical Robotics (HSMR)},
  Year                     = {2014}
}

@article{Niekum2015,
  title={{Learning Grounded Finite-State Representations from Unstructured Demonstrations}},
  author={Niekum, Scott and Osentoski, Sarah and Konidaris, George and Chitta, Sachin and Marthi, Bhaskara and Barto, Andrew G},
  journal={{IJRR}},
  pages={131--157},
  volume={34},
  number={2},
  year={2015}
}

@article{Illingworth198887,
title = {{A Survey of the Hough Transform}},
journal = {Computer Vision, Graphics, and Image Processing},
volume = "44",
number = "1",
pages = "87 - 116",
year = "1988",
author = "J. Illingworth and J. Kittler",
}

@book{Bradski2008_Book,
  title={{Learning OpenCV: Computer Vision with the OpenCV Library}},
  author={Bradski, Gary and Kaehler, Adrian},
  year={2008},
  publisher={O'Reilly}
}

@phdthesis{DixonThesis,
	author		= {Kevin Dixon},
	title		= {{Inferring User Intent for Learning by Observation}},
	school		= {Carnegie Mellon University},
	year		= {2004},
}

@incollection{Varadarajan2009,
  title={{Data-derived Models for Segmentation with Application to Surgical Assessment and Training}},
  author={Varadarajan, Balakrishnan and Reiley, Carol and Lin, Henry and Khudanpur, Sanjeev and Hager, Gregory},
  booktitle={{MICCAI}},
  pages={426--434},
  year={2009}
}

@incollection{Reiley2009,
  title={{Task versus Subtask Surgical Skill Evaluation of Robotic Minimally Invasive Surgery}},
  author={Reiley, Carol E and Hager, Gregory D},
  booktitle={{MICCAI}},
  pages={435--442},
  year={2009}
}

@article{Lin2006,
  title={{Towards Automatic Skill Evaluation: Detection and Segmentation of Robot-assisted Surgical Motions}},
  author={Lin, Henry C and Shafran, Izhak and Yuh, David and Hager, Gregory D},
  journal={Computer Aided Surgery},
  volume={11},
  number={5},
  pages={220--230},
  year={2006}
}

@article{vidovszky2006robotic,
  title={{Robotic Cholecystectomy: Learning Curve, Advantages, and Limitations}},
  author={Vidovszky, Tamas J and Smith, William and Ghosh, Jagannath and Ali, Mohamed R},
  journal={Journal of Surgical Research},
  volume={136},
  number={2},
  pages={172--178},
  year={2006}
}

@article{Lim2005,
  title={{Nerve-sparing Axillary Dissection using the da Vinci Surgical System}},
  author={Lim, Susan ML and Kum, Cheng K and Lam, Foong L},
  journal={World Journal of Surgery},
  volume={29},
  number={10},
  pages={1352--1355},
  year={2005}
}

@InProceedings{zhang2004cutting,
  title={On Cutting and Dissection of Virtual Deformable Objects},
  author={Zhang, Hui and Payandeh, Shahram and Dill, John},
  booktitle={{ICRA}},
  year={2004}
}

@article{Chentanez2009,
  title={{Interactive Simulation of Surgical Needle Insertion and Steering}},
  author={Chentanez, Nuttapong and Alterovitz, Ron and Ritchie, Daniel and Cho, Lita and Hauser, Kris and Goldberg, Ken and Shewchuk, Jonathan R and O'Brien, James F},
  volume={28},
  number={3},
  year={2009},
  journal={ACM Transactions on Graphics}
}

@inproceedings{Gienger2010,
  title={{Imitating Object Movement Skills with Robots: A Task-Level Approach Exploiting Generalization and Invariance}},
  author={Gienger, Michael and Muhlig, M and Steil, Jochen J},
  booktitle=iros,
  pages={1262--1269},
  year={2010}
}

@article{Konidaris2011,
  title={{Robot Learning from Demonstration by Constructing Skill Trees}},
  author={Konidaris, George and Kuindersma, Scott and Grupen, Roderic and Barto, Andrew},
  journal=ijrr,
  volume={31},
  number={3},
  pages={360--375},
  year={2011}
}

@article{stahl2002hybrid,
  title={{Hybrid Robotic Coronary Artery Surgery and Angioplasty in Multivessel Coronary Artery Disease}},
  author={Stahl, Kenneth D and Boyd, W Douglas and Vassiliades, Thomas A and Karamanoukian, Hratch L},
  journal={The Annals of thoracic surgery},
  volume={74},
  number={4},
  pages={1358--1362},
  year={2002}
}

@incollection{calinon2008robot,
  title={{Robot Programming by Demonstration}},
  author={Calinon, Sylvain},
  booktitle={Springer handbook of robotics},
  bib-pages={1371--1394},
  year={2008}
}

@book{alterovitz2008motion,
  title={{Motion Planning in Medicine: Optimization and Simulation Algorithms for Image-guided Procedures}},
  author={Alterovitz, Ron and Goldberg, Ken},
  year={2008},
  publisher={Springer}
}

@misc{OpenCVmatchTemplate,
  title={Template Matching},
  author={OpenCV},
  url={http://docs.opencv.org/doc/tutorials/imgproc/histograms/template_matching/template_matching.html}
}

@article{kober2013reinforcement,
  title={Reinforcement learning in robotics: A survey},
  author={Kober, Jens and Bagnell, J Andrew and Peters, Jan},
  journal={{IJRR}},
  pages={0278364913495721},
  year={2013},
  publisher={SAGE Publications}
}

@article{Hannaford2013_ITBE,
   author = {B. Hannaford and J. Rosen and Diana CW Friedman and H. King and P. Roan and L. Cheng and D. Glozman and J. Ma and S.N. Kosari and L. White},
   title = {{Raven-II: An Open Platform for Surgical Robotics Research}},
   journal = {IEEE Transactions on Biomedical Engineering},
   volume = {60},
   pages = {954-959},
   month = apr,
   year = {2013},
}

@inproceedings{Quigley2009,
author = {Quigley, Morgan and Gerkey, Brian and Ken Conley and Josh Faust and Tully Foote and Jeremy Leibs and Eric Berger and Rob Wheeler and Andrew Ng},
booktitle = {ICRA Workshop on Open Source Software},
title = {{ROS: an open-source Robot Operating System}},
year = {2009}
}

@article{touretzky1989s,
  title={What’s hidden in the hidden layers},
  author={Touretzky, David S and Pomerleau, Dean A}
}

 
@INPROCEEDINGS{zhou16representing, 
    AUTHOR    = {Yilun Zhou AND George Konidaris}, 
    TITLE     = {{Representing and Learning Complex Object Interactions}}, 
    BOOKTITLE = {Proceedings of Robotics: Science and Systems}, 
    YEAR      = {2016}, 
    DOI       = {10.15607/RSS.2016.XII.039} 
} 
 
@article{frisken1999using,
  title={Using linked volumes to model object collisions, deformation, cutting, carving, and joining},
  author={Frisken-Gibson, Sarah F},
  journal={IEEE transactions on visualization and computer graphics},
  bib-volume={5},
  bib-number={4},
  year={1999},
  notes={This paper discusses a linked volume representation that enables physically realistic modeling of object interactions such as: collision detection, collision response, 3D object deformation, and interactive object modification by carving, cutting, tearing, and joining.}
}

@article{surgical2015annual,
    Author = {Surgical, Intuitive},
    Date = {2015},
    Journaltitle = {URL \url{http://phx.corporate-ir.net/phoenix.zhtml?c=122359&p=irol-irhome}},
    Title = {Annual report 2015}}


@article{skolarus2010robotic,
  title={Robotic surgery in urologic oncology: gathering the evidence},
  author={Skolarus, Ted A and Zhang, Yun and Hollenbeck, Brent K},
  journal={Expert review of pharmacoeconomics \& outcomes research},
  volume={10},
  number={4},
  pages={421--432},
  year={2010},
  publisher={Taylor \& Francis}
}

@article{gale2016patterning,
  title={Patterning of tensile fabric structures with a discrete element model using dynamic relaxation},
  author={Gale, Stuart and Lewis, Wanda J},
  journal={Computers \& Structures},
  bib-volume={169},
  bib-pages={112--121},
  year={2016},
  publisher={Elsevier}
}

@inproceedings{baraff1998large,
  title={Large steps in cloth simulation},
  author={Baraff, David and Witkin, Andrew},
  booktitle={Proceedings of the 25th annual conference on Computer graphics and interactive techniques},
  pages={43--54},
  year={1998},
  organization={ACM}
}

@InProceedings{garg2016gpas,
  author    = {Garg, Animesh and Sen, Siddarth and Kapadia, Rishi and Jen, Yiming and McKinley, Stephen and Miller, Lauren and Goldberg, Ken},
  title     = {Tumor Localization using Automated Palpation with Gaussian Process Adaptive Sampling},
  booktitle = {{CASE}},
  year      = {2016},
}

@article{frsr-stegemann2013,
    Author = {Stegemann, Andrew P and Ahmed, Kamran and Syed, Johar R and Rehman, Shabnam and Ghani, Khurshid and Autorino, Ricardo and Sharif, Mohamed and Rao, Amrith and Shi, Yi and Wilding, Gregory E and others},
    Date = {2013},
    Journaltitle = {Urology},
    bib-Number = {4},
    bib-Pages = {767--774},
    Publisher = {Elsevier},
    Title = {Fundamental skills of robotic surgery: a multi-institutional randomized controlled trial for validation of a simulation-based curriculum},
    bib-Volume = {81}}
    
@inproceedings{sen2015automating,
Author = {Sen, S. and Garg, A. and Gealy, D. V. and McKinley, S. and Jen, Y. and Goldberg, K.},
Booktitle = {{ICRA}},
Title = {{Automating Multiple-Throw Multilateral Surgical Suturing with a Mechanical Needle Guide and Sequential Convex Optimization}},
Year = {2016}}

@inproceedings{swirl2016,
    author = {Krishnan, S. and Garg, A. and Liaw, R. and Thananjeyan, B. and Miller, L. and Pokorny, F. T. and Goldberg, K},
    booktitle = {{WAFR}},
    title = {{SWIRL}: A Sequential Windowed Inverse Reinforcement Learning Algorithm for Robot Tasks With Delayed Rewards.},
    year = {2016}
}

@article{cutting2008,
    title={Modeling the Forces of Cutting with Scissors},
    author = {Mahvash, M. and Voo, L., and Kim, D., and Jeung, K., and Wainer, J., and Okamura, A. M.},
    journal = {IEEE transactions on bio-medical engineering},
    volume={55.3},
    pages={848--856},
    year={2008},
    publisher = {PMC}
}

@misc{brookes16tearable,
  author = {Brooks, Adam},
  title = {{A tearable cloth simulation using vertlet integration}},
  year = {2016},
  journal = {GitHub repository},
  howpublished = {\url{https://github.com/Dissimulate/Tearable-Cloth}}
}

@inproceedings{balaguer2011combining,
  title={Combining imitation and reinforcement learning to fold deformable planar objects},
  author={Balaguer, Benjamin and Carpin, Stefano},
  booktitle={2011 IEEE/RSJ International Conference on Intelligent Robots and Systems},
  pages={1405--1412},
  year={2011},
  organization={IEEE}
}

@article{DBLP:journals/corr/ZhangLMFA15,
  author    = {Marvin Zhang and
               Sergey Levine and
               Zoe McCarthy and
               Chelsea Finn and
               Pieter Abbeel},
  title     = {Policy Learning with Continuous Memory States for Partially Observed
               Robotic Control},
  journal   = {CoRR},
  volume    = {abs/1507.01273},
  year      = {2015},
  url       = {http://arxiv.org/abs/1507.01273},
  timestamp = {Sun, 02 Aug 2015 18:42:02 +0200},
  biburl    = {http://dblp.uni-trier.de/rec/bib/journals/corr/ZhangLMFA15},
  bibsource = {dblp computer science bibliography, http://dblp.org}
}


@article{lenz2015deep,
	Author = {Lenz, Ian and Lee, Honglak and Saxena, Ashutosh},
	Journal = {{IJRR}},
	bib-Number = {4-5},
	bib-Pages = {705--724},
	Publisher = {SAGE Publications},
	Title = {Deep learning for detecting robotic grasps},
	bib-Volume = {34},
	Year = {2015}}
	
@inproceedings{DBLP:conf/aamas/KnoxS12,
  author    = {W. Bradley Knox and
               Peter Stone},
  title     = {Reinforcement learning from simultaneous human and {MDP} reward},
  booktitle = {{AAMS}},
  pages     = {475--482},
  year      = {2012},
  crossref  = {DBLP:conf/atal/2012},
  url       = {http://dl.acm.org/citation.cfm?id=2343644},
  timestamp = {Thu, 19 Mar 2015 17:49:02 +0100},
  biburl    = {http://dblp.uni-trier.de/rec/bib/conf/aamas/KnoxS12},
  bibsource = {dblp computer science bibliography, http://dblp.org}
}

@article{levine2015end,
	Author = {Levine, Sergey and Finn, Chelsea and Darrell, Trevor and Abbeel, Pieter},
	Journal = {arXiv preprint arXiv:1504.00702},
	Title = {End-to-End Training of Deep Visuomotor Policies},
	Year = {2015}}
	
@article{jimenez2012survey,
  title={Survey on model-based manipulation planning of deformable objects},
  author={Jim{\'e}nez, P},
  journal={Robotics and computer-integrated manufacturing},
  bib-volume={28},
  bib-number={2},
  bib-pages={154--163},
  year={2012},
  publisher={Elsevier}
}

@inproceedings{spielman2007spectral,
  title={Spectral graph theory and its applications},
  author={Spielman, Daniel A},
  booktitle={Foundations of Computer Science, 2007. FOCS'07. 48th Annual IEEE Symposium on},
  pages={29--38},
  year={2007},
  organization={IEEE}
}

@inproceedings{murali2015learning,
  title={Learning by observation for surgical subtasks: Multilateral cutting of 3d viscoelastic and 2d orthotropic tissue phantoms},
  author={Murali, Adithyavairavan and Sen, Siddarth and Kehoe, Ben and Garg, Animesh and McFarland, Seth and Patil, Sachin and Boyd, W Douglas and Lim, Susan and Abbeel, Pieter and Goldberg, Ken},
  booktitle={{ICRA}},
  pages={1202--1209},
  year={2015},
  organization={IEEE}
}

@article{cutler2015real,
  title={Real-World Reinforcement Learning via Multifidelity Simulators},
  author={Cutler, Mark and Walsh, Thomas J and How, Jonathan P},
  journal={IEEE Transactions on Robotics},
  bib-volume={31},
  bib-number={3},
  bib-pages={655--671},
  year={2015},
  publisher={IEEE}
}

@inproceedings{abbeel2006using,
  title={Using inaccurate models in reinforcement learning},
  author={Abbeel, Pieter and Quigley, Morgan and Ng, Andrew Y},
  booktitle={Proceedings of the 23rd international conference on Machine learning},
  pages={1--8},
  year={2006},
  organization={ACM}
}

@INPROCEEDINGS{Cutler2016Autonomous, 
author={M. Cutler and J. P. How}, 
booktitle={2016 IEEE International Conference on Robotics and Automation (ICRA)}, 
title={Autonomous drifting using simulation-aided reinforcement learning}, 
year={2016}, 
bib-pages={5442-5448}, 
doi={10.1109/ICRA.2016.7487756}, 
month={May},}

@inproceedings{beetz2011robotic,
  title={Robotic roommates making pancakes},
  author={Beetz, Michael and Klank, Ulrich and Kresse, Ingo and Maldonado, Alexis and M{\"o}senlechner, Lorenz and Pangercic, Dejan and R{\"u}hr, Thomas and Tenorth, Moritz},
  booktitle={Humanoids},
  pages={529--536},
  year={2011},
  organization={IEEE}
}

@article{shigley1972mechanical,
  title={Mechanical engineering design},
  author={Shigley, Joseph Edward},
  year={1972},
  publisher={McGraw-Hill}
}

@inproceedings{duan2016benchmarking,
  title={Benchmarking deep reinforcement learning for continous control},
  author={Duan, Yan and Chen, Xi and Houthooft, Rein and Schulman, John and Abbeel, Pieter},
  booktitle={{ICML}},
  year={2016}
}

@article{schulman2015trust,
  title={Trust region policy optimization},
  author={Schulman, John and Levine, Sergey and Moritz, Philipp and Jordan, Michael I and Abbeel, Pieter},
  journal={{ICML}},
  year={2015}
}